3284 5159
623 411 753 474 ιρι
1326 405 1441 465 m:
1493 404 2044 467 nni-mvn
2090 400 2186 470 ἂν

617 595 971 720 Ἕλληνας
1034 588 1778 721 nara00v2w0a03a13
1840 589 2021 691 πρός
2076 594 2214 688 μὲν
2278 620 2412 667 τον
2476 594 2857 684 τοιοῦτον,

502 745 509 755 ,
630 694 1083 797 ιιρατήσασαι
1114 697 1375 823 ῥᾳδίως
1403 724 1496 771 αν
1524 693 1763 771 αὐτοῦ
1791 697 1910 771 καὶ
1943 725 2129 771 ιιατα
2163 696 2297 793 γῆν
2327 696 2447 769 καὶ
2473 725 2664 771 κατα
2694 692 2857 770 θοί-

634 808 956 890 λατταν,
1010 796 1302 898 εἰρήνην
1330 804 1429 882 εἷς
1459 798 1753 875 ἅπαντα
1798 795 2347 896 συνεγράψαντο
2398 794 2533 872 τόν
2562 795 2854 894 χρόνον.

634 905 825 998 quod
861 914 999 992 est,
1053 901 1145 976 οὗ
1177 898 1576 1002 ἐκράτησαν
1617 932 1731 976 αν.
1833 903 2089 972 Mirum
2115 926 2279 971 vero
2307 911 2409 971 est
2442 904 2632 995 apud
2657 927 2859 972 eum-

634 1009 796 1079 dem
832 1008 1197 1076 Isocratem
1223 1032 1296 1100 p.
1328 1006 1500 1078 129.
1527 1008 1613 1075 Α.
1647 1007 1743 1076 sic
1767 1007 1941 1100 legi.
1994 1009 2064 1078 εἰ
2092 1007 2169 1079 δὲ
2197 1009 2313 1079 δεῖ
2350 1007 2468 1077 καὶ
2506 1007 2672 1103 περὶ
2702 1034 2857 1079 των

636 1113 908 1195 ἔξωθεν
937 1111 1309 1208 βοηθειῶν
1339 1110 1588 1194 εἰπεῖν,
1642 1106 1961 1205 ἠγοῦμαι
1999 1101 2307 1188 πολλους
2347 1110 2648 1182 ἔσεσθαι
2681 1136 2858 1190 τους

632 1214 1123 1308 βουλομένους
1183 1205 1581 1304 ἑπαμυνειν
1647 1211 1846 1334 ήμῖν.
1926 1211 2325 1302 ἐπίσταμαι
2369 1239 2508 1337 γαρ
2557 1212 2855 1307 πρῶτον

633 1318 772 1410 μὲν
799 1311 1272 1437 Αθηναίους,
1325 1317 1396 1386 εἰ
1419 1314 1537 1385 καὶ
1565 1308 1673 1406 μή
1700 1309 1942 1387 πάντα
1978 1310 2165 1406 μεθ
2192 1312 2398 1410 ήμῶν
2427 1314 2645 1402 εἰσίν,
2700 1309 2858 1387 ἀλλ’

634 1417 819 1514 υπέρ
851 1445 932 1510 γε
973 1417 1101 1513 τῆς
1136 1415 1488 1515 σωτηρίας
1530 1416 1659 1512 τῆς
1668 1415 2049 1540 ἡμετέρας
2076 1414 2330 1489 οτιοῧν
2359 1445 2451 1489 αν
2495 1411 2857 1512 ποιήσον-

637 1546 801 1600 τας·
855 1521 1112 1593 ἔπειτα
1141 1520 1289 1592 τοῖν
1322 1517 1556 1591 ἄλλων
1587 1513 1940 1592 πόλεων”
1896 1546 2096 1593 εστιν
2128 1519 2212 1600 dic
2236 1516 2501 1611 ὁμοίως
2532 1548 2623 1591 αν
2665 1516 2855 1610 υπὲρ

637 1622 788 1696 τοῖν
816 1619 995 1720 ημῖν
1030 1615 1551 1717 συμφερόντων
1584 1649 1675 1702 ως
1702 1622 1868 1744 περὶ
1896 1621 2044 1695 τοῖν
2073 1627 2366 1702 ἑαυταῖς
2402 1626 2857 1714 συμβουλευ-

638 1727 983 1818 σομένας·
1036 1725 1146 1798 ἔτι
1181 1724 1257 1798 δὲ
1286 1718 1690 1798 Διονύσιον
1737 1753 1864 1798 τον
1896 1751 2256 1845 τυραννον
2290 1723 2410 1796 καὶ
2443 1751 2577 1797 τον
2609 1725 2857 1817 Αἰγυ-

635 1827 865 1901 πτίων
896 1828 1201 1919 βασιλέα
1248 1825 1369 1897 καὶ
1415 1854 1586 1907 τους
1624 1826 1883 1908 αλλους
1924 1855 2115 1899 κατα
2147 1820 2282 1924 τήν
2322 1823 2579 1899 Ασίαν
2622 1821 2849 1900 δυνά-

639 1957 854 2019 στας,
908 1925 1090 2003 καθ’
1132 1926 1306 2003 ὅσον
1341 1934 1634 2003 ἕκαστοι
1665 1925 2053 2020 δυνανται,
2103 1922 2502 2022 προθύμως
2542 1958 2634 2001 αν
2673 1926 2856 2024 ἡμῖν

633 2027 1267 2130 ἐπικουρήσοντας.
1335 2032 1418 2100 ln
1445 2030 1626 2101 his‘
1582 2033 1838 2107 οτιοῦν
1867 2060 1960 2106 αν
1983 2055 2116 2126 pro
2142 2032 2423 2123 vulgato
2447 2025 2691 2103 πάντα
2721 2032 2857 2099 ha-
2929 2052 2936 2055 ·

634 2135 755 2205 bet
801 2134 955 2207 cod.
1009 2135 1317 2204 Vrbinas.
1419 2135 1614 2204 Idem
1658 2164 1750 2209 αν
1795 2145 1957 2229 post
2008 2128 2409 2230 προθύμως
2447 2136 2728 2222 omittit,
2780 2144 2856 2202 ut

636 2237 914 2329 quidem
956 2239 1027 2306 iu
1067 2239 1298 2307 litteris
1335 2237 1426 2305 ad
1473 2261 1585 2307 me
1618 2237 1788 2307 datis
1833 2238 2190 2307 Bekkerus
2236 2238 2538 2328 scripsit·
2588 2261 2747 2306 uam
2785 2240 2854 2305 in

638 2341 927 2409 editione
962 2364 1082 2410 sua
1112 2340 1275 2409 nihil
1310 2341 1403 2409 de
1432 2364 1514 2409 ea
1550 2342 1904 2410 omissione
1932 2341 2293 2410 adnotavit.
2359 2338 2523 2408 Et‘
2480 2342 2730 2414 οτιοῦν
2760 2370 2851 2413 αν

637 2443 917 2535 quidem
957 2453 1144 2513 recte
1187 2468 1262 2513 se
1293 2443 1535 2531 habet,
1588 2445 1779 2536 quod
1818 2444 1932 2512 hic
1963 2444 2055 2517 ἂν
2098 2467 2236 2512 uon
2284 2443 2374 2511 ad
2422 2444 2851 2535 participium
2959 2500 2971 2515 .

610 2542 947 2638 ‘pertinet
1050 2546 1207 2616 Duo
1235 2545 1284 2618 ἆ
1289 2576 1326 2619 ν
1362 2557 1585 2617 autem
1628 2571 1805 2638 quae
1830 2557 2199 2638 sequuntur
2214 2597 2236 2634 ,
2286 2548 2411 2615 nisi
2449 2547 2661 2615 deleri
2695 2549 2849 2640 pla-

639 2660 750 2718 cet
776 2699 798 2736 ,
847 2650 1191 2739 requirere
1234 2651 1461 2718 aoristi
1489 2652 1913 2744 participium
1943 2651 2286 2739 videntur,
2340 2649 2528 2740 quod
2572 2651 2848 2740 quidem

637 2753 837 2821 etiam
865 2753 971 2821 isti
1010 2750 1258 2827 ὁτιοῦν
1290 2752 1383 2826 ἄν
1412 2754 1571 2822 addi
1598 2756 1837 2846 potuit.
1918 2755 2137 2823 Recte
2171 2754 2495 2844 scriptum
2523 2763 2627 2822 est
2662 2754 2846 2846 apud

633 2855 1164 2926 Demosthenem
1199 2879 1270 2949 p.
1317 2855 1480 2945 128,
1512 2855 1632 2926 29.
1687 2851 1915 2929 πάλαι
1956 2884 2066 2937 τις
2093 2855 2307 2946 ἡδέως
2340 2854 2431 2928 ἄν
2467 2857 2632 2937 ἴσως
2662 2863 2844 2952 ἐρω-

632 2952 872 3054 τήσων
922 2953 1264 3055 κάθηται.
1371 2960 1568 3045 Quae
1609 2962 1704 3029 ibi
1743 2961 2055 3029 Bremius
2098 2982 2182 3028 ex
2223 2956 2469 3027 eodem
2520 2961 2844 3052 scriptore

635 3062 1185 3130 commemoravit
1213 3065 1557 3156 exempla,
1611 3087 1847 3132 eorum
1874 3063 2011 3132 duo
2040 3062 2351 3130 codicum
2391 3085 2526 3155 ope
2563 3063 2845 3131 'liberata

637 3173 791 3232 sunt
822 3165 937 3231 illa
982 3166 1502 3236 constructione:
1555 3165 1645 3236 de
1686 3169 1882 3236 tertio
1912 3167 2129 3235 statim
2169 3165 2410 3232 dicam.
2511 3165 2842 3235 Schaefe-

633 3289 746 3334 rus
791 3289 925 3333 non
969 3267 1224 3355 liquere
1271 3269 1400 3336 sibi
1446 3271 1569 3356 ait,
1621 3270 1747 3339 sed
1795 3269 1885 3343 ἄν
1930 3272 2093 3349 ἴσως
2135 3270 2359 3336 iuncta
2400 3291 2485 3338 ex
2516 3271 2841 3361 parallelo

587 3410 598 3422 ·
634 3377 851 3460 putat.
953 3367 1035 3435 ld
1075 3370 1421 3457 quomodo
1467 3374 1613 3440 fieri
1651 3374 1898 3465 possit,
1950 3395 2086 3440 non
2125 3372 2348 3445 video.
2452 3372 2599 3441 Sed
2642 3374 2844 3466 plana

637 3479 741 3538 est
775 3494 906 3556 reS,
960 3470 1147 3560 quod
1178 3473 1573 3564 simulatque
1613 3476 2053 3568 interpuugas
2082 3484 2396 3567 apparet:
2447 3470 2677 3548 πάλαι
2709 3502 2836 3555 τις,

634 3570 853 3667 ἡδέως
900 3571 992 3643 ἄν
1048 3575 1254 3654 ἴσως,
1324 3571 1696 3673 ἐρωτήσων
1758 3573 2101 3674 κάθηται.
2206 3577 2685 3670 Supplendum
2740 3587 2840 3646 est

626 3674 810 3743 'enim
842 3674 1126 3770 ἐρωτιὸν
1153 3677 1291 3745 sive
1330 3679 1555 3752 τοῦτο
1597 3681 1845 3752 ποιῶν.
1950 3681 2072 3748 llle
2116 3689 2340 3748 autem
2382 3704 2587 3769 quem
2628 3681 2836 3749 modo

635 3775 943 3846 dicebam
973 3778 1141 3846 alter
1180 3780 1368 3848 locus
1397 3783 1488 3848 ita
1530 3783 1739 3874 vulgo
1771 3784 2019 3876 legitur
2054 3807 2124 3874 p.
2166 3781 2493 3866 284,17.
2551 3812 2640 3863 ως
2675 3780 2835 3856 ουδ’

635 3877 728 3950 ἂν
761 3882 835 3951 εἴ
854 3907 929 3952 τι
946 3882 1233 3971 γίνοιτο
1252 3883 1364 3953 ἔτι
1396 3880 1997 3973 συμπνευσόντων
2022 3913 2112 3957 αν
2134 3912 2337 3979 ημων
2365 3885 2485 3957 καὶ
2511 3913 2658 3959 των
2690 3889 2835 3982 Θη-

634 3978 887 4070 βαιᾚων
971 3983 1353 4052 Alterum*
1303 4011 1395 4056 αν
1435 4009 1478 4053 a
1512 3986 1832 4055 Bekkero
1864 3998 1965 4056 est
1998 3987 2201 4060 codd.
2232 3966 2680 4076 quorumdam
2714 4012 2835 4056 au-

635 4083 939 4153 ctoritate
986 4083 1303 4159 deletum.
1406 4088 1513 4155 lta
1535 4099 1721 4158 recte
1751 4113 1823 4157 se
1858 4090 2067 4159 habet
2095 4092 2343 4159 oratio.
2397 4119 2487 4170 ως
2517 4117 2605 4162 ου
2644 4118 2834 4211 ovet·-

634 4179 1124 4273 πνευσόντων,
1179 4185 1343 4261 ουδ’
1364 4218 1465 4262 αν
1501 4193 1572 4263 εἴ
1607 4219 1682 4262 τι
1722 4194 2040 4283 γε’,νοιτο
2094 4195 2384 4285 repetito
2426 4183 2619 4262 verbi
2658 4195 2833 4261 aori-

587 4358 599 4376 (
636 4296 761 4377 sto,
816 4286 1442 4379 συμπνευσάντων.
1512 4284 1729 4363 Recte
1770 4296 1968 4362 etiam
1996 4294 2273 4370 Lucian.
2283 4296 2681 4422 Contempl.
2723 4296 2833 4366 14.

636 4388 724 4459 T.
754 4389 807 4457 Ι.
835 4414 909 4482 p.
936 4386 1105 4462 51⁰.
1158 4395 1234 4465 ἐν
1262 4388 1586 4492 τοσούτω
1618 4397 1695 4470 δὲ·
1721 4400 2192 4495 ἐπαιρέσθων,
2246 4397 2336 4481 ως
2364 4399 2455 4472 ἂν
2478 4396 2584 4496 οἷφ
2651 4396 2831 4497 ὕψη·
