3284 5159
617 429 703 492 ισ
1324 396 2019 490 υΕῬΑιιΤιονιι
2063 413 2160 490 ἄν

617 621 1086 716 π’ροςέρχεται
1115 625 1269 702 τοῖς
1298 619 1726 715 δυναμένοις
1754 648 1891 718 την
1925 618 2098 718 ὕλην
2126 615 2363 694 αυτοῦ
2399 622 2824 744 παραδέξα-

617 731 839 812 σθαι,
922 725 1334 821 ἔγραφον
1397 723 1544 812 ἄν,
1626 724 1986 845 ἔγραψα
2048 719 2830 862 ἄ.ν,,ἑγεγροῖφειν

620 823 761 898 ἄν·
831 822 920 899 οὐ
922 822 1108 954 ‚wi-⁹
1145 855 1247 921 τῳ
1299 820 1609 923 γράφω
1664 825 1711 922 ἢ
1761 820 2111 921 ypdapwoe
2166 852 2253 899 ου
2298 853 2440 923 γαρ
2477 821 2831 926 παροίχη-

615 956 786 1017 ται,
840 923 939 1001 ἵν
966 923 1328 1026 ἑγχωρήσῃ
1357 958 1477 1001 και
1510 927 1553 1017 ἦ
1585 933 1662 1001 ἐκ
1699 930 1839 1001 τοῦ
1866 931 2269 1020 συνδέσμου
2297 926 2664 1059 ἀναίρεσις
2691 932 2860 1028 μὲν,

612 1031 753 1103 τοῦ
793 1027 1211 1124 γεγονότος,
1264 1030 1648 1154 ἐπαγγελία
1685 1032 1786 1105 δὲ
1792 1031 1930 1104 τοῦ
1970 1032 2339 1121 ἐσομένου.
2408 1031 2529 1105 καὶ
2571 1033 2828 1107 ἐντεῦ-

614 1142 752 1207 θεν
791 1134 867 1206 δὲ
916 1129 1348 1228 πειθόμεθα
1391 1133 1511 1207 ὅτι
1558 1130 1648 1207 οὗ
1684 1135 2207 1257 παρῳχημένου
2245 1137 2662 1208 συντέλειαν
2697 1162 2825 1233 ση-

610 1233 859 1330 μαίνει
902 1234 946 1310 o‘
988 1236 1557 1330 παρακείμενος,
1630 1230 1766 1334 τήν
1836 1263 1916 1329 γε
1952 1263 2102 1328 μην
2153 1236 2572 1310 ἐνεστῶσαν
2642 1235 2828 1313 ὅθεν

613 1334 825 1412 ου’δὲν
863 1334 1352 1435 δυνησόμενον
1391 1343 1734 1434 γενέσθαι
1772 1340 2245 1462 παρεδέξατο,
2297 1367 2413 1411 και
2444 1333 2570 1414 δια
2596 1341 2826 1414 τοῦτο

611 1436 1000 1537 &apogeum
1048 1442 1189 1513 τοῦ
1247 1470 1356 1516 αν
1424 1444 1857 1562 συνδέσμου
1888 1435 2224 1535 ἐγεγόνει.
2289 1445 2367 1515 ἐν
2428 1442 2523 1539 τῇ
2575 1441 2829 1517 συνδε-

611 1543 834 1639 σμικῇ
866 1539 1196 1626 συντάξει
1226 1546 1725 1637 εντελέστερον
1756 1536 1857 1617 τοῖ
1884 1543 2201 1628 τοιαῦτα
2236 1546 2614 1618 δέδεικται.
2677 1548 2828 1618 Ae·-

608 1670 735 1740 gre
771 1647 1048 1737 quidem
1091 1671 1391 1716 caremus
1428 1649 1542 1715 illa
1569 1648 1886 1716 uberiore
1920 1647 2333 1738 expositione
2349 1698 2370 1735 ‚
2436 1648 2561 1716 sed
2598 1657 2827 1719 tamen

608 1752 717 1818 vel
745 1773 831 1819 ex
857 1751 1000 1834 his,
1051 1774 1227 1839 quae
1257 1751 1370 1819 hic
1400 1751 1617 1819 obiter
1649 1751 1865 1818 attulit
1895 1750 2333 1841 ApolloniuS‚
2387 1751 2615 1843 colligi
2657 1762 2825 1844 pot-

602 1861 745 1942 est,
798 1855 909 1921 alii
953 1876 1157 1943 quam
1203 1853 1499 1923 debebat
1530 1854 1967 1922 fundamento
1994 1852 2512 1945 disputationem
2537 1856 2675 1923 eius
2707 1878 2825 1924 su-

602 1964 1050 2048 perstructam
1083 1980 1248 2029 esse.
1347 1954 1604 2025 Mirum
1633 1957 1946 2049 profecto
1974 1965 2109 2041 est,
2164 1955 2364 2026 etiam'
2404 1957 2823 2027 doctissimos

581 2058 1219 2155 eruditissimosque
1289 2062 1764 2176 grammaticos
1831 2082 2316 2151 saepenumero
2386 2082 2524 2128 non
2590 2057 2832 2149 modo,=

604 2162 797 2251 quod
846 2163 1158 2232 accidere
1206 2164 1408 2231 cuivis
1426 2151 1683 2256 potest
1702 2211 1722 2245 ‚
1773 2163 1843 2231 in
1883 2162 2141 2231 ratione
2178 2162 2532 2231 reddenda
2574 2186 2822 2251 errare,

605 2266 730 2334 sed
772 2267 971 2335 etiam
1013 2289 1189 2356 quae
1218 2290 1345 2335 usu
1378 2267 1644 2335 firmata
1691 2273 1760 2333 et
1802 2266 2245 2385 comprobata
2275 2274 2428 2334 sunt
2466 2267 2638 2334 vel
2618 2289 2823 2359 igno-

603 2392 754 2438 rare
790 2369 1005 2438 videri
1020 2420 1040 2455 ‚
1091 2371 1202 2438 vel
1243 2369 1501 2438 diserte
1520 2379 1597 2437 ut
1636 2391 1850 2462 prava
1891 2370 2188 2438 reiicere.
2294 2368 2672 2461 Vtrumque
2709 2371 2819 2438 fa-

606 2481 789 2541 ctum
836 2473 1142 2541 videmus
1187 2473 1258 2540 in
1301 2471 1461 2540 hac
1482 2472 1952 2565 disputatione.
2057 2473 2236 2540 Nam
2281 2494 2503 2561 neque
2562 2495 2819 2562 caussa,

562 2597 726 2642 cur
768 2599 968 2667 praes
939 2576 1108 2644 senti
1149 2583 1217 2644 et
1259 2575 1487 2644 futuro
1534 2575 1725 2667 iungi
1753 2581 2047 2664 nequeat
2075 2601 2167 2647 αν
2183 2625 2207 2667 ,
2256 2584 2443 2654 recte
2487 2576 2822 2668 explicata
2860 2582 2864 2588 “

604 2687 708 2746 est
741 2682 828 2747 ab
862 2679 1265 2770 Apollonio,
1316 2701 1538 2769 neque
1580 2680 1807 2770 ipsum
1834 2678 2001 2746 illud
2030 2699 2261 2756 verum
2292 2686 2426 2766 est,
2476 2702 2617 2747 non
2648 2702 2819 2749 con-

601 2782 839 2849 sociari
871 2782 1274 2874 particulam
1311 2782 1508 2850 istam
1546 2805 1702 2849 cum
1736 2780 1840 2848 his
1876 2781 2294 2871 temporibus
2313 2828 2336 2867 ‚
2388 2781 2816 2873 quandoqui-

546 2917 556 2964 Ι
601 2884 759 2952 dem
788 2885 1089 2954 futurum
1119 2886 1422 2971 saltem,
1402 2909 1471 2953 m
1500 2885 1737 2977 primis
1764 2883 1950 2992 apud
1976 2884 2377 2971 Homerum,
2402 2907 2606 2974 quem
2640 2910 2813 2978 prae

540 3007 543 3016 ·
601 2990 881 3058 caeteris
941 2989 1379 3080 scriptoribus
1434 2989 1741 3056 omnibus
1797 2988 2220 3080 grammatici
2269 2988 2366 3056 illi
2417 2990 2813 3077 tractabant,

599 3092 988 3182 saepissime
1029 3092 1338 3159 adsciscit
1393 3088 1506 3163 ἅν.
1624 3090 1873 3158 Nititur
1913 3090 2271 3181 Apollonii
2330 3093 2655 3160 sententia
2705 3115 2814 3177 eo,

597 3193 869 3282 quod
819 3223 911 3266 αν
937 3195 1132 3262 tollat
1164 3195 1510 3262 veritatem
1552 3193 1714 3268 facti
1727 3242 1748 3281 ‚
1799 3192 2139 3281 faciatque
2176 3201 2251 3261 ιιι
2293 3192 2458 3284 quid
2480 3217 2619 3263 non
2664 3196 2814 3264 fieri
2895 3201 2900 3204 ’

596 3299 936 3365 factumve
961 3321 1107 3366 esse
1125 3350 1146 3387 ‚
1199 3297 1321 3365 sed
1348 3319 1547 3389 posse
1578 3298 1728 3364 fieri
1756 3297 2109 3388 cogitetur.
2141 3365 2144 3370 ,
2209 3298 2410 3365 Nunc
2436 3298 2527 3365 ait
2550 3299 2816 3390 imper-2

597 3401 850 3469 fectum
867 3451 889 3486 ‚
931 3401 1247 3469 aoristum
1264 3451 1285 3487 ‚
1333 3399 2071 3492 plusquamperfectum
2087 3450 2108 3487 ‚
2149 3400 2259 3467 vel
2287 3422 2464 3490 quae
2495 3424 2581 3470 ex
2613 3410 2812 3494 parte

596 3504 778 3572 facta
811 3505 976 3592 sint,
1027 3505 1138 3573 vel
1179 3502 1447 3595 pridem
1471 3503 1653 3570 facta
1694 3502 2084 3593 designare:
2149 3502 2404 3571 idcirco
2442 3503 2521 3572 iis
2564 3527 2816 3581 conve·

594 3608 737 3676 nire
775 3605 886 3679 ἄν.
981 3607 1254 3692 ‚Quibus
1282 3606 1420 3674 hoc
1464 3606 1732 3673 videtur
1766 3604 2025 3692 dicere,
2076 3606 2494 3725 temporibus
2530 3606 2670 3675 istis
2698 3609 2809 3676 vel

594 3712 860 3831 penitus
898 3711 1009 3777 vel
1064 3732 1149 3778 ex
1190 3718 1385 3801 parte
1437 3709 1583 3777 tolli
1628 3710 1917 3777 factum.
1989 3730 2167 3797 quae
2212 3709 2390 3776 enim
2436 3709 2623 3779 facta
2662 3711 2816 3797 siut,

592 3816 730 3881 iam
754 3836 900 3881 non
918 3813 1105 3896 fieri3
1154 3813 1224 3879 in
1248 3821 1602 3904 praesente
1626 3800 1852 3879 autem
1881 3817 1949 3878 et
1978 3810 2208 3879 futuro
2235 3811 2399 3881 nihil
2424 3835 2588 3902 esse,
2617 3814 2809 3904 quod

594 3918 737 3984 tolli
766 3917 1013 4007 possit.
1065 3938 1220 3983 nam
1246 3915 1432 4005 quod
1460 3917 1597 4002 fiat,
1642 3937 1782 3983 non
1808 3913 2007 3981 etiam
2034 3936 2172 3983 non
2196 3915 2375 3998 fieri3
2425 3939 2632 4005 quam
2658 3941 2812 3986 esse

595 4021 793 4087 etiam
837 4018 1127 4111 perfecti
1170 4020 1527 4106 rationem,
1578 4019 1842 4108 quippe
1867 4015 2054 4106 quod
2093 4026 2516 4109 praesentem
2564 4043 2605 4088 a
2644 4043 2805 4112 per-

570 4123 773 4202 gfecta
813 4145 889 4190 re
931 4131 1175 4190 statum
1228 4121 1509 4204 indicet3
1579 4119 1768 4210 quod
1812 4129 2036 4188 autem
2078 4120 2377 4190 futurum
2420 4123 2533 4209 sit,
2594 4146 2681 4190 ne
2716 4145 2804 4192 eo

592 4225 868 4315 quidem
904 4225 1069 4292 dum
1098 4225 1481 4317 pervenisse
1502 4276 1524 4311 ‚
1575 4233 1652 4291 ut
1676 4225 1887 4293 fieret.
1988 4223 2185 4291 Haec
2215 4225 2515 4315 quamvis
2541 4225 2804 4293 subtili-

591 4339 696 4397 ter
740 4329 873 4395 sint
919 4328 1258 4420 disputata
1275 4382 1296 4419 ‚
1347 4336 1576 4395 tamen
1594 4376 1616 4414 ,
1684 4327 2003 4417 quoniam
2060 4326 2570 4396 fundamentum
2587 4378 2608 4416 ,
2662 4350 2802 4419 quo

592 4433 886 4502 nituntur
904 4483 926 4525 ,
977 4431 1473 4528 angustioribus
1503 4438 1606 4502 est
1646 4453 1851 4523 quam
1892 4438 2288 4525 oportuerat
2314 4430 2630 4508 limitibus
2667 4432 2801 4500 cir-

1486 4750 1519 4759 a—
