3284 5159
542 450 630 515 72
1218 448 1332 509 DE
1409 446 1964 511 PARTICVLA
2013 440 2111 512 ἂν

546 643 938 727 λαττον,
1022 629 1330 732 φυγάδες
1384 636 1462 712 δέ
1524 633 1627 712 δι’
1681 640 1808 732 ἐμὲ
1866 638 2211 735 τέτταρες
2276 633 2529 736 ἄνδρες
2582 636 2771 731 ἐγί-

545 765 871 826 νοντο,
922 745 1132 835 οἵπερ
1190 739 1311 811 καὶ
1354 738 1727 866 ἥμαρτον·
1793 768 1940 814 των
1991 737 2065 814 δ’
2129 738 2364 813 ἄλλων
2406 748 2479 814 οἱ
2528 741 2771 816 λοιποι

544 837 911 942 πρότερον
945 836 1092 916 ὕπο
1133 835 1456 935 Τεύκρου
1487 836 1988 941 ἐμηνύθησαν·
2043 841 2215 916 οὔτε
2246 839 2479 938 δήπου
2536 851 2609 918 οἱ
2648 874 2769 918 τε·

545 947 859 1027 θνεῶτες
909 940 1011 1018 δι’
1055 944 1184 1039 ἐμὲ
1243 944 1526 1037 μᾶλλον
1599 948 2162 1036 ἐτέθνασαν,
2247 945 2419 1019 οὔτε
2473 954 2549 1020 οἱ
2599 942 2770 1043 φεύ·

545 1074 796 1145 γοντες
863 1047 1145 1141 μᾶλλον
1228 1049 1639 1143 ἔφευγον.
1743 1049 2115 1119 Aeschines
2185 1047 2274 1118 de
2345 1050 2515 1119 falsa
2563 1052 2769 1143 legat.

544 1175 616 1245 p.
647 1150 819 1219 244.
851 1149 1056 1241 (462.
1091 1146 1163 1247 §.
1196 1148 1349 1274 69.)
1384 1151 1460 1223 τί
1500 1154 1578 1226 δέ
1626 1151 1746 1225 καὶ
1776 1145 2243 1246 βουλόμενος,
2297 1154 2538 1274 εἴπερ
2531 1148 2775 1226 ταῦτα

553 1247 994 1355 Φιλοκράτει
1035 1247 1517 1350 προειλόμην,
1577 1248 2171 1352 κατηγόρουν
2219 1256 2357 1344 μὲν
2389 1282 2570 1351 προς
2602 1283 2776 1337 τους

547 1350 818 1437 αὐτους
849 1352 1213 1454 άκροατοῖς
1241 1358 1334 1453 τῇ
1360 1356 1787 1454 προτεραίᾳ,
1838 1357 2019 1449 μίαν
2054 1359 2131 1431 δὲ
2163 1351 2388 1430 νύκτα
2421 1352 2771 1432 διαλιπων

549 1456 1151 1556 συνηγόρουν,·
1214 1459 1458 1527 Refert
1502 1458 1677 1528 haec
1723 1483 1809 1530 ex
1847 1468 2073 1529 mente
2115 1459 2626 1551 Demosthenis,
2681 1462 2773 1530 de

548 1586 688 1658 quo
720 1584 793 1654 p.
825 1561 999 1636 242.
1021 1558 1130 1659 (§.
1162 1559 1323 1654 66.)
1364 1561 1655 1632 dixerat:
1686 1587 1845 1632 nam
1873 1564 2021 1655 ipse
2050 1586 2185 1632 non
2212 1563 2394 1631 facta
2424 1587 2572 1633 esse
2603 1587 2773 1632 con-

434 1735 443 1742 .
547 1666 781 1739 tendit.
883 1666 978 1735 Et
1019 1689 1095 1757 p.
1139 1663 1312 1733 326.
1366 1664 1575 1756 (444.
1631 1661 1706 1762 ᾗ.
1766 1665 1979 1757 173.)
2034 1666 2281 1735 eodem
2330 1667 2582 1736 modo:
2653 1666 2775 1739 καί

453 1767 463 1775 ’
548 1768 734 1865 τῷγε
765 1768 975 1865 δῆλος
1028 1765 1158 1865 ἦν,
1213 1797 1278 1841 ει
1324 1762 1431 1865 μή
1470 1798 1584 1862 γε,
1638 1766 1863 1866 (ὅςπερ
1895 1774 1971 1843 ἐν
2004 1775 2157 1851 τοῖς
2197 1774 2480 1866 χοροῖς,
2534 1769 2775 1866 προῇ-

549 1875 717 1955 δονς
768 1873 1130 1966 Lycurgus
1182 1896 1239 1940 e.
1283 1873 1528 1940 Leocr.
1566 1896 1641 1964 p.
1697 1870 1867 1940 164.
1897 1896 1947 1941 s.
1984 1870 2190 1962 (242.
2227 1867 2300 1968 §.
2340 1870 2496 1963 38.)
2549 1877 2626 1945 ἐν
2669 1872 2777 1953 οἷς

551 1968 993 2098 Λεωκράτης
1014 1973 1264 2048 οὐτοσὶ
1291 1973 1411 2047 καὶ
1441 1969 1664 2056 αὐτος
1700 1978 1775 2048 ἐκ
1799 1975 1926 2072 τῆς
1958 1968 2226 2056 πόλεως
2244 1968 2645 2074 άποδρας”
2588 2003 2769 2069 ῳχε-
2880 2024 2883 2027 -

548 2103 677 2168 το,
730 2105 850 2151 και
892 2107 988 2151 τα
1028 2072 1372 2175 χρήματα
1418 2105 1516 2151 τα
1543 2071 1970 2207 ύπάρχοντα
1999 2071 2399 2170 ἐξεκόμισε,
2454 2105 2575 2149 και
2613 2072 2778 2174 ἱερα

548 2208 646 2252 τα
687 2181 992 2277 πατρῷα
1022 2181 1602 2275 μετεπέμψατο·
1704 2181 1827 2254 καὶ
1859 2182 1955 2261 εἰς
1991 2180 2353 2253 τοσοῦτον
2384 2181 2778 2276 προδοσιας

551 2278 814 2377 ἦλθεν,
890 2280 1062 2363 ὥςτε
1115 2312 1305 2356 κατα
1356 2277 1494 2380 τήν
1544 2278 1782 2356 αὐτοῦ
1832 2281 2261 2380 προαίρεσιν
2318 2284 2581 2381 ἔρημοι
2637 2284 2778 2376 μὲν

552 2380 779 2481 ἦσαν
812 2391 888 2459 οἱ
915 2384 1102 2473 ναοί,
1132 2388 1392 2508 ἔρημοι
1410 2386 1486 2459 δὲ
1518 2386 1637 2458 καὶ
1669 2415 1745 2458 αι
1780 2385 2093 2481 φυλακαὶ
2119 2414 2266 2458 των
2282 2385 2568 2475 τειχῶν,
2605 2391 2689 2469 εξ
2702 2414 2776 2458 ε-

552 2489 699 2561 λε’λ
720 2514 987 2562 ειπτο
1043 2489 1117 2562 δὲ
1148 2487 1192 2586 ἦ
1221 2482 1426 2570 πόλις
1454 2488 1573 2561 και
1609 2485 1656 2585 ἦ
1687 2483 1904 2585 χώρα.
1983 2489 2140 2558 Alia
2177 2489 2488 2580 exempla
2516 2511 2778 2581 suppe-

554 2591 770 2659 ditare
809 2591 1061 2683 poterit
1104 2591 1408 2683 Gorgiae
1446 2592 1771 2684 apologia
1807 2591 2212 2665 Palamedis,
2317 2592 2432 2662 Ad
2483 2591 2660 2660 hanc
2697 2594 2777 2662 fi-

553 2717 797 2788 guram
837 2718 1044 2787 saepe
1084 2718 1223 2763 non
1268 2694 1693 2763 attenderunt
1723 2695 1844 2764 viri
1886 2693 2104 2765 docti:
2156 2693 2340 2763 unde
2379 2695 2624 2763 multos
2661 2719 2777 2764 ve-

553 2807 775 2866 terum
805 2796 993 2867 locos
1025 2808 1279 2867 temere
1308 2798 1702 2866 coniecturis
1736 2806 2082 2867 vexarunt.
2160 2796 2387 2866 Veluti
2420 2793 2595 2867 haec
2628 2798 2776 2866 Eu-

552 2901 834 2997 ripidis-⁶
815 2925 884 2971 m
911 2901 1169 2976 Troad.
1198 2894 1375 2976 395.
1415 2900 1505 2971 de
1534 2901 1837 2970 Hectore
1871 2909 1938 2968 et
1962 2899 2243 2971 Paride.
2765 2923 2770 2928 ’

762 3067 970 3157 δόξας
1021 3097 1206 3169 ανηρ
1259 3098 1598 3169 αριστος,
1652 3071 1937 3159 οἴχεται
1988 3064 2264 3146 θανών.

759 3176 883 3249 καὶ
933 3172 1146 3250 τοῦτ
1195 3171 1519 3266 Λχαιων
1572 3172 1702 3256 ἶξις
1729 3167 2230 3297 ἐξεργάζεται.

763 3281 835 3353 εἰ
860 3274 931 3351 δ’
967 3273 1150 3368 ἦσαν
1184 3281 1417 3367 οἴκοι,
1471 3301 1799 3398 χρηστος
1814 3275 1914 3347 ὥν
1948 3269 2370 3350 ἐλάνθανεν.

766 3374 1006 3470 Πάρις
1057 3377 1132 3454 ὃ
1184 3382 1446 3502 ἔγημε
1460 3373 1593 3468 τήν
1648 3370 1867 3458 Διός·
1920 3372 2152 3474 γήμας
2204 3381 2281 3453 δὲ
2332 3373 2476 3478 μή,

762 3509 1163 3576 σιγωμενον
1213 3509 1301 3556 το
1356 3481 1566 3579 κῆδος
1608 3475 1798 3570 εἶχεν
1850 3485 1926 3555 ἐν
1968 3475 2240 3575 δόμοις.

554 3636 791 3730 Eurip.
825 3636 999 3705 Hec.
1024 3634 1256 3706 1111.

1906 3815 1969 3859 ει
2024 3787 2100 3859 δὲ
2150 3779 2257 3881 μή
2311 3786 2614 3884 Φρυγων

763 3885 1076 4016 πύργους
1126 3884 1481 3984 πεσόντας
1522 3885 1754 3982 ᾖσμεν
1802 3882 2201 4012 Ἑλλήνων
2218 3891 2434 3986 δορί,

766 3988 1009 4097 φόβον
1058 3995 1412 4091 παρέσχεν
1467 3989 1555 4064 ού
1606 3994 1841 4085 με’σως
1893 3990 2019 4065 ὅδε
2068 3984 2351 4074 κτύπος

557 4165 940 4260 Sophocles
965 4165 1216 4234 Electr.
1245 4162 1421 4238 913.

769 4328 935 4410 άλλ
988 4328 1158 4407 οὐδὲ
1207 4332 1363 4428 μὲν
1378 4325 1486 4431 δή
1534 4356 1816 4428 μητρος
1868 4325 2050 4403 οὔθ
2104 4328 2145 4403 ὁ
2201 4330 2367 4412 νοῦς
2415 4332 2618 4427 φιλεῖ

774 4438 1091 4515 τοιαῦτα
1141 4430 1527 4537 πράσσειν,
1585 4433 1759 4508 οὔτε
1813 4428 2034 4532 δρῶσ’
2087 4432 2510 4509 ἐλάνθανεν.
