3284 5159
458 380 476 402 '
573 444 661 505 96
1244 436 1359 496 m:
1430 435 1979 499 PJARTIGVLA
2024 431 2119 500 ἄν

580 626 708 713 οὗ,
760 625 987 715 ὅπου,
1064 625 1179 715 οἵ,
1235 622 1447 715 ὅποι,
1498 623 1588 722 ᾖ,
1644 623 1832 722 ὅπῃ,
1885 627 2144 715 ἔνθεν,
2201 622 2430 715 ὅθεν,
2486 622 2798 716 ὁπόθεν,

579 743 724 802 tum
765 731 1168 825 pronomina
1210 725 1318 809 ὅς,
1371 729 1561 818 οἶος,
1634 726 1917 808 ὁποῖος,
1982 726 2189 811 ὅσος,
2256 723 2559 818 ὁπόσος,
2616 725 2802 803 ὁπό-

578 861 806 931 τερος.
910 833 1175 901 Horum
1215 832 1587 923 quaedam,
1637 833 1706 899 in
1749 831 1981 923 primis
2015 831 2428 924 particulam
2465 832 2802 901 conditio--

580 940 802 1007 nalem
837 938 908 1009 εἰ
923 986 946 1022 ,
999 937 1086 1004 ab
1120 936 1358 1003 Atticis
1400 958 1538 1003 non
1569 935 1760 1026 iungi
1802 935 2225 1003 coniunctivo
2242 982 2263 1019 ,
2306 936 2431 1004 nisi
2463 937 2518 1003 si
2563 934 2654 1007 ἄν
2680 959 2802 1003 ac-

581 1041 892 1126 cederet,
946 1038 1064 1107 diu
1108 1039 1235 1106 fuit
1278 1038 1574 1107 virorum
1615 1037 1975 1106 doctorum
2029 1038 2283 1129 opinio.
2387 1039 2493 1106 Ac
2530 1038 2801 1107 Bastius

580 1143 856 1234 quidem
901 1141 1089 1233 quod
1123 1143 1191 1209 in
1228 1140 1511 1232 epistola
1536 1140 1763 1208 critica
1792 1140 1882 1207 ad
1910 1140 2405 1209 Boissonadum
2429 1164 2504 1233 p.
2538 1139 2710 1210 129.
2742 1166 2799 1214 ε.

581 1247 695 1319 ed.
733 1247 924 1337 Lips.
978 1267 1063 1314 ex
1095 1243 1410 1312 Thomae
1453 1241 1556 1311 Μ.
1608 1251 1981 1335 praecepto
2030 1267 2105 1335 p.
2154 1240 2326 1313 267.
2367 1244 2802 1332 existimabat,

580 1351 791 1420 verba
820 1339 1355 1422 αὐθυπότακτα
1383 1348 1581 1415 etiam
1609 1347 1798 1441 apud
1827 1346 2087 1415 Atticos
2108 1350 2172 1420 εἰ
2201 1369 2355 1414 cum
2383 1347 2802 1416 coniunctivo

581 1454 725 1523 sine
758 1450 850 1524 ἄν
883 1450 1275 1535 admittere,
1323 1448 1399 1518 id
1422 1450 1618 1518 inane
1652 1457 2104 1518 commentum
2135 1473 2283 1518 esse
2320 1450 2473 1519 satis
2503 1449 2668 1518 mihi
2694 1451 2802 1518 vi-

581 1557 755 1625 deor
778 1555 1270 1623 demonstrasse
1296 1553 1364 1620 in
1391 1552 1850 1622 dissertatione
1874 1552 1962 1620 de
1989 1553 2370 1647 praeceptis
2399 1554 2803 1643 quibusdam

580 1659 1061 1729 Atticistarum.
1164 1655 1364 1724 Vnde
1414 1666 1633 1725 ortum
1680 1656 1763 1724 sit
1803 1655 1972 1727 illud
2017 1656 2473 1726 Atticistarum
2509 1679 2802 1747 praece·—

579 1771 777 1855 ptum
795 1813 816 1850 ‚
883 1759 1114 1828 docuit
1159 1758 1548 1827 Lobeckius
1591 1759 1682 1826 ad
1716 1758 1971 1850 Phryn.
2017 1783 2091 1851 p.
2137 1758 2310 1827 724.
2409 1759 2680 1828 Accidit
2729 1761 2802 1828 in

579 1864 716 1933 hac
764 1885 1038 1954 quoque
1091 1883 1167 1930 re
1181 1912 1202 1948 ,
1253 1861 1442 1952 quod
1482 1862 1872 1955 saepissime
1886 1909 1907 1945 ,
1957 1870 2035 1929 ut
2054 1914 2088 1952 2.
2126 1884 2302 1953 quae
2350 1885 2506 1929 rara
2556 1870 2800 1947 essent,

583 1974 903 2057 corrupta
932 1972 1354 2057 putarentur,
1404 1989 1531 2034 nec
1557 1973 1991 2056 quaereretur
2008 2016 2029 2053 ‚
2082 1988 2289 2057 quam
2318 1966 2643 2034 rationem
2667 1964 2802 2033 ha-

580 2071 842 2140 berent.
944 2069 1241 2136 Tantum
1288 2069 1483 2136 abest
1512 2069 1688 2137 enim
1705 2118 1725 2155 ‚
1777 2077 1853 2135 ut
1891 2077 2005 2135 aut
2031 2092 2160 2162 per
2205 2092 2279 2137 se
2309 2092 2521 2163 prava
2563 2077 2678 2135 aut
2706 2069 2797 2136 ab

577 2174 961 2255 Atticorum
996 2193 1125 2240 usu
1158 2169 1527 2240 abhorrens
1559 2173 1640 2240 sit
1685 2173 2091 2240 constructio
2125 2173 2495 2263 particulae
2535 2173 2605 2242 εἰ
2642 2194 2800 2238 cum

582 2275 1042 2360 coniunctim,
1093 2278 1225 2357 ut‚·
1261 2297 1472 2364 quum
1518 2297 1657 2342 non
1697 2274 1983 2366 perinde
2012 2276 2128 2358 sit,
2180 2284 2401 2343 utrum
2442 2276 2513 2347 εἰ
2548 2297 2636 2340 an
2666 2268 2798 2348 ἑοῖν

580 2386 906 2471 ponatur,
949 2399 1087 2445 non
1119 2377 1338 2468 magis
1370 2369 1499 2451 ἑοῖν
1524 2399 1655 2469 pro
1693 2378 1755 2448 εἰ
1774 2425 1796 2462 ,
1840 2400 2044 2468 quam
2075 2380 2147 2450 εἰ
2164 2400 2296 2469 pro
2331 2370 2799 2451 sdradhiberi

582 2482 813 2573 possit.
917 2477 1322 2547 Monueram
1363 2502 1444 2548 ea
1491 2479 1579 2548 de
1625 2503 1703 2548 re
1740 2478 1829 2547 ad
1855 2480 2072 2572 Soph.
2102 2480 2209 2549 Ai.
2247 2478 2423 2553 491.
2454 2503 2797 2549 assensus-

585 2606 719 2674 que
752 2590 854 2650 est
882 2583 984 2650 vir
1018 2582 1292 2650 eximius
1323 2583 1729 2671 maiorisque
1774 2584 1974 2651 animi
2005 2605 2211 2674 quam
2244 2592 2320 2651 ut
2352 2606 2496 2651 suas
2530 2584 2798 2674 opinio-

583 2709 706 2754 nes
747 2685 1010 2753 veritati
1051 2685 1461 2776 praeferret,
1512 2686 1590 2754 P.
1642 2685 2001 2754 Elmsleius
2022 2736 2043 2773 ‚
2110 2709 2314 2777 quem
2365 2696 2798 2778 praematura

579 2798 798 2877 'morte
823 2788 1053 2856 litteris
1092 2795 1400 2878 ereptum
1427 2811 1574 2857 esse
1605 2811 1867 2857 summo
1897 2812 2051 2857 cum
2082 2789 2318 2858 dolore
2353 2812 2571 2883 nuper
2597 2812 2798 2858 acce-

578 2893 827 2985 pimus.
922 2891 1098 2960 Vide
1132 2913 1289 2958 eum
1318 2891 1407 2957 ad
1436 2890 1694 2961 Bacch.
1727 2890 1900 2958 203.
1934 2887 2107 2963 858.
2137 2902 2205 2961 et
2229 2894 2299 2961 in
2333 2893 2617 2984 praefat.
2651 2901 2795 2960 ter-

578 2998 710 3064 tiae
736 2994 842 3065 ed.
874 2993 1051 3068 Oed.
1091 2994 1303 3085 Regis
1331 2993 1420 3061 ad
1457 3017 1520 3062 v.
1557 2992 1731 3062 191.
1764 2992 1939 3068 8Ί4.
1985 2995 2477 3064 Grammaticus
2502 2996 2573 3064 in
2599 2995 2800 3064 Bek-

498 3134 501 3137 ·
576 3098 729 3167 keri
756 3096 1017 3166 Anecd.
1059 3119 1130 3188 p.
1171 3095 1343 3183 144,
1377 3095 1496 3164 20.
1531 3089 1730 3190 μετοῖ
1769 3097 1846 3170 δὲ
1892 3095 2388 3172 ὑποτακτικοὶῖν
2451 3098 2674 3190 (Iliad.
2710 3125 2792 3192 μ.

787 3345 929 3461 εἴτ’ε
954 3349 1069 3424 ἐπὶ
1098 3348 1243 3434 degi
1257 3345 1276 3369 ’
1310 3351 1472 3423 ἴωσι
1499 3345 1680 3447 πρός
1709 3348 1815 3448 ηἀῖ
1837 3348 1914 3426 τ’
1943 3345 2290 3448 η’έλιόντε.

579 3505 698 3578 καὶ
727 3486 1107 3601 Σοφονλῆς
1133 3508 1209 3578 ἐν
1243 3502 1583 3605 Οἰδίποδι
1611 3499 1941 3603 τυράννῳ
1995 3506 2092 3599 (v,
2129 3504 2338 3598 873.)
2360 3528 2379 3549 ·

780 3619 988 3752 ὕβρις
1015 3660 1081 3730 εἰ
1109 3656 1390 3731 πολλῶν
1424 3618 1918 3755 ὖπερπλησῧῇ.

581 3809 626 3886 o‘
655 3806 875 3894 αὑτός
926 3809 1137 3903 (Oed.
1177 3812 1331 3885 Col.
1362 3809 1655 3906 1442.)-

1238 3961 1669 4047 δυςτοῖλαινα
1709 3961 1882 4064 τᾶρ’
1912 3962 2090 4060 ἐγώ,

785 4068 861 4149 εἴ
881 4094 1013 4140 σου
1047 4068 1400 4167 στερηθῶ.

586 4171 947 4267 Κρατῖνος
974 4168 1352 4245 Γείτοσιν·

786 4274 855 4344 εἰ
877 4265 1099 4367 σοφός
1124 4266 1189 4365 ᾗ.

579 4421 928 4518 Ξενοφῶν
975 4422 1328 4507 Παιδείας
1379 4422 1632 4516 (1]1.3,
1683 4421 1883 4517 50.)·
1940 4428 2010 4500 εἰ
2044 4420 2153 4524 μή
2196 4420 2523 4525 πρόσθεν
2563 4421 2788 4525 ἤσκη-
