3284 5159
601 448 689 510 44
1275 439 1394 508 DE
1462 438 2020 506 PARTICVLA
2062 434 2163 504 ἂν

607 627 852 730 τικῆν,
900 625 1259 729 τετάρτην
1308 631 1385 705 δὲ
1420 627 1861 726 Ἀφροδίτης
1898 657 2017 703 και
2054 628 2440 725 Ἐρωτος,
2474 624 2821 725 ἐρωτικήν

608 736 882 830 μανίαν
915 731 1283 830 ἑφήσαμέν
1312 762 1394 807 τε
1429 730 1735 856 άρίστην
1764 730 1986 813 εἶναι,
2042 734 2161 807 καὶ
2195 729 2321 805 οὐκ
2365 730 2512 806 οἶδ’
2557 730 2696 829 ὅπῃ
2728 726 2823 805 τό

614 834 961 962 ἐρωτικόν
1001 832 1241 919 πάθος
1275 830 1814 922 άπεικάζοντες,
1870 838 2034 917 ἴσως
2079 835 2218 926 μὲν
2259 832 2580 958 άληθοῦς
2620 830 2824 916 τινός

611 934 1157 1037 ἐφαπτόμενοι,
1219 933 1412 1030 τάχα
1464 935 1537 1012 δ’
1582 938 1675 1012 ἄν
1725 937 1844 1011 καὶ
1879 937 2137 1011 ἄλλοσε
2188 932 2819 1060 παραφερόμενοι,

609 1038 1039 1141 κεράσαντες
1082 1039 1172 1115 οὐ
1223 1068 1691 1115 πανταπασιν
1749 1036 2121 1115 απίθανον
2168 1036 2430 1134 λόγον,
2495 1032 2822 1132 μυθικόν

609 1175 782 1220 τινα
806 1142 1037 1237 ὕμνον
1076 1143 1655 1267 προςεπαίσαμεν
1683 1143 1994 1238 μετρίως
2026 1171 2111 1216 τε
2149 1142 2267 1215 και
2308 1136 2644 1239 εὐφήμως
2685 1169 2822 1214 τον

609 1243 793 1342 ἐμόν
836 1275 921 1321 τε
959 1248 1082 1319 καὶ
1127 1241 1257 1320 σόν
1300 1241 1658 1344 δεσπότην
1690 1245 2034 1367 ”Ερωτα,
2100 1275 2152 1318 ω
2212 1249 2521 1342 Φαῖδρε,
2586 1244 2822 1316 καλῶν

609 1351 889 1424 παίδων
939 1350 1229 1445 ἔφορον.
1330 1351 1566 1418 Nam
1549 1372 1619 1417 ιιι
1663 1351 1891 1442 priore
1932 1348 2174 1417 horum
2216 1350 2522 1416 locorum
2567 1347 2824 1416 etiamsi

611 1448 806 1543 τάχα
872 1453 1213 1537 abesset,
1209 1464 1417 1521 recte
1487 1461 1803 1543 potuerat
1865 1451 1956 1524 ἄν
2017 1453 2384 1570 participio
2423 1450 2619 1538 addi,
2683 1473 2822 1540 quo

611 1557 1133 1650 significaretur,
1188 1554 1478 1649 sisorte
1505 1556 1787 1625 animos
1813 1577 1955 1624 non
1986 1545 2390 1625 custodito&
2418 1554 2823 1647 deprehen-

612 1661 824 1731 dant.
929 1656 1263 1728 Omittunt
1298 1669 1521 1728 autem
1569 1657 1661 1730 ἄν
1705 1658 1909 1748 aliqui
1954 1659 2179 1732 codd..
2283 1658 2363 1726 ln
2405 1658 2615 1726 altero
2658 1679 2823 1726 vero

610 1765 762 1851 quis
812 1761 949 1830 non
994 1744 1215 1850 videt,
1265 1762 1322 1830 si
1367 1762 1722 1854 participio
1770 1762 2200 1830 substituatur
2245 1762 2532 1853 simplex
2587 1761 2825 1843 oratic,

615 1866 977 1934 dicendum
1006 1887 1171 1987 esse7
1211 1857 1401 1951 τάχα
1425 1860 1497 1936 δ
1525 1864 1616 1935 ἄν
1644 1863 1899 1937 ἄλλοσε
1928 1864 2572 1959 παραφεροιᾛμεθα
2625 1863 2826 1931 Vnde

609 1968 725 2037 hic
768 1990 1042 2058 quoque
1085 1994 1175 2039 αν
1220 1989 1375 2034 cum
1402 1968 1612 2035 verbo
1640 1977 2093 2036 constructum
2134 1990 2282 2035 esse
2316 1976 2528 2059 patet.
2634 1966 2822 2036 Talis

610 2080 715 2141 est
742 2073 943 2143 etiam
968 2069 1434 2161 Aristophanis
1461 2071 1698 2138 locus
1680 2093 1747 2139 m
1776 2070 2022 2162 vespis
2052 2096 2117 2144 v.
2153 2069 2327 2143 28⁰.

943 2215 1133 2311 τάχα
1190 2218 1262 2295 δ’
1315 2250 1407 2294 αν
1459 2215 1583 2295 διοῖ
1632 2250 1766 2295 τον
1818 2216 2148 2312 χθιζινον
2208 2201 2514 2322 άνθρω-

941 2352 1125 2413 πον,
1180 2325 1293 2405 ὃς.
1281 2324 1494 2421 .ημὰ’ς
1546 2318 1858 2398 διεδύετ’

943 2429 1350 2512 ἑξαπατων,
1402 2430 1621 2521 λέγων
1676 2454 1766 2509 ως

940 2529 1065 2601 καὶ
1117 2525 1603 2654 φιλαθήναιος
1653 2557 1742 2627 ην
1794 2529 1914 2602 καὶ

940 2629 1082 2704 τάν
1132 2627 1365 2727 Σάμῳ
1420 2659 1704 2728 πρωτος
1753 2629 2126 2725 κατείποι,

932 2728 1067 2807 ’δια
1115 2733 1324 2808 τοῦτ
1378 2732 1788 2837 ὀδυνηθείς,

943 2833 1090 2911 εἶτ’
1142 2841 1305 2919 ἴσως
1354 2845 1586 2944 κεῖται
1636 2840 2033 2935 πυρε’τ.των

611 2994 792 3062 Nam
820 2990 984 3080 quid
1012 2992 1193 3059 aliud
1231 2992 1411 3060 istud
1441 2991 1898 3083 participium,
1953 3012 2158 3080 quam
2184 2991 2455 3060 brevior
2490 2991 2826 3081 quaedam

616 3093 890 3164 dicendi
907 3095 1080 3162 ratio
1099 3104 1219 3183 est,
1249 3103 1589 3178 contracta
1604 3118 1689 3163 ex
1705 3117 1809 3181 eo,
1840 3095 2026 3184 quod
2041 3095 2242 3186 plene
2263 3095 2620 3181 diceretur,
2651 3088 2824 3184 τάχ’

614 3197 708 3271 ἄν
751 3193 1181 3294 ὀδυνηθείη,
1250 3198 1368 3268 καὶ
1411 3194 1570 3269 εἶτα
1605 3204 1841 3271 κεῖται
1886 3193 2321 3291 πυρέττωνῖ
2362 3199 2601 3287 ltaque
2649 3198 2825 3265 eius-

614 3299 803 3369 modi
847 3300 1070 3390 potius
1117 3301 1278 3367 locis
1318 3299 1644 3367 utendum
1672 3310 1816 3368 erat
1845 3300 2218 3369 Schaefero
2239 3352 2260 3382 ‚
2310 3301 2524 3389 qualis
2567 3300 2682 3370 hic
2727 3308 2827 3367 est

614 3401 987 3472 Andocidis
1016 3402 1084 3469 in
1119 3425 1217 3475 or.
1264 3402 1350 3469 de
1387 3412 1664 3492 myster.
1697 3402 1871 3476 117.
1912 3427 1984 3494 p.
2031 3400 2154 3476 15.
2208 3404 2347 3472 sive
2384 3401 2557 3476 136.
2596 3402 2821 3475 Bekk.

615 3502 741 3580 58.
782 3504 1019 3578 Reisk.
1074 3506 1250 3601 φέρε
1279 3499 1369 3600 δή
1392 3503 1669 3593 τοίνυν,
1721 3501 1779 3577 οἶ
1808 3503 2080 3597 ἄνδρες,
2131 3500 2323 3597 τάχα
2353 3501 2491 3601 γάρ
2522 3505 2614 3578 ἄν
2641 3499 2829 3578 αὐτό

613 3603 979 3703 βούλεσθε
1009 3610 1438 3693 πυθέσθαι,
1494 3605 1536 3678 ὁ
1563 3609 1652 3680 δὲ
1688 3606 2005 3688 Καλλίας
2034 3607 2111 3679 τί
2146 3605 2588 3701 βουλόμενος
2616 3605 2828 3702 ἐτίθη

614 3705 752 3809 τήν
779 3707 1179 3806 ἱκετηρίαν.
1271 3708 1535 3777 Omittit
1561 3709 1655 3781 ἄν
1688 3710 1906 3778 codex
1934 3733 2136 3798 unus,
2189 3712 2414 3779 nescio
2453 3735 2543 3779 an
2586 3733 2627 3777 e
2670 3733 2826 3777 cor-

615 3811 913 3885 rectione
968 3812 1336 3904 cuiuspiam
1396 3813 1837 3904 grammatici.
1879 3849 1888 3853 ·
1954 3813 2050 3880 At
2110 3813 2258 3902 quis
2314 3837 2450 3882 non
2513 3813 2826 3904 corrigat,
2865 3821 2871 3828 '

613 3911 808 4005 τάχα
834 3907 975 4008 γάρ
1014 3913 1105 3985 ἄν
1124 3909 1528 4007 βούλοισθε
1559 3910 1997 3987 πυθέσθαιῖ
2045 3915 2362 3985 Similiter
2380 3926 2741 4008 peccatum
2758 3917 2829 3982 in

616 4018 1022 4112 quibusdam
1052 4017 1233 4085 libris
1261 4017 1600 4088 Herodoti
1631 4015 2017 4093 Vul.136.
2049 4018 2137 4088 de
2166 4041 2302 4109 quo
2342 4020 2502 4087 loco
2530 4020 2603 4087 in
2636 4026 2828 4111 opta-

616 4122 734 4192 tivi
758 4120 1200 4212 explicatione
1231 4120 1514 4195 dicetur.

817 4225 974 4292 Non
1006 4233 1107 4291 est
1141 4222 1256 4291 hic
1293 4224 1551 4293 silentio
1581 4221 2109 4316 praetereundus
2135 4226 2325 4293 locus
2359 4213 2826 4316 Aristophanis
2901 4228 2906 4232 ’

614 4330 683 4396 in
712 4328 896 4396 Pace
923 4348 987 4398 v.
1017 4324 1284 4399 1028ss
1266 4350 1336 4395 m
1365 4350 1503 4416 quo
1537 4350 1648 4394 me
1677 4328 1819 4395 iure
1845 4329 2097 4395 notavit
2124 4328 2476 4396 Dobraeus
2504 4351 2575 4418 p.
2605 4326 2827 4418 (110)
2879 4407 2884 4414 f

617 4430 805 4526 quod
851 4452 920 4499 ¹11
954 4428 1178 4506 Elem.
1226 4429 1315 4506 D.
1353 4430 1459 4504 M.
1518 4423 1734 4505 o‘uo'o'
1793 4458 1883 4504 αν
1931 4456 2158 4527 χρεων
2209 4458 2366 4506 εστι
2416 4430 2822 4527 reliquerim.
