3284 5159
1178 458 1349 522 LIB.
1392 457 1498 523 111.
1586 457 1782 518 CAP.
1826 460 1890 523 5.
2514 462 2649 530 15²

434 650 527 724 ἄν
570 649 958 719 coniunctus
974 698 995 735 ,
1058 672 1146 718 an
1187 648 1644 718 coniunctivus
1688 648 2019 740 praeferri
2066 647 2348 738 debeat,
2416 653 2650 744 paucis

436 755 925 824 declarabimus
939 804 960 839 ,
1014 753 1176 844 quid
1203 752 1336 820 hae
1370 752 1634 820 dicendi
1662 751 1921 821 formae
1952 750 2288 831 differant.

637 859 863 947 Atque
895 865 972 925 ut
1000 880 1041 924 a
1073 855 1490 923 coniunctivo
1518 855 1945 948 incipiamus,
1995 856 2050 924 is
2070 854 2497 926 deliberantis
2528 865 2648 944 est,

435 968 509 1029 ut
534 961 602 1029 in
627 959 1113 1029 Eumenidibus
1153 957 1324 1032 791.
1358 955 1534 1027 821.

638 1111 718 1187 τί
741 1114 950 1211 ῥέξω,
1003 1114 1363 1207 γένωμαις

438 1267 617 1361 quid
645 1261 935 1359 agam?
988 1266 1164 1358 quid
1205 1287 1320 1333 me
1333 1257 1555 1359 fiat?
1606 1263 2020 1332 Deliberatio
2050 1272 2273 1332 autem
2314 1288 2520 1356 quum
2558 1267 2652 1337 ad
2691 1314 2696 1323 -

436 1370 779 1464 agendum
822 1379 1117 1460 spectet,
1167 1369 1458 1436 refertur
1492 1366 1946 1434 coniunctivus
1983 1370 2358 1438 necessario
2404 1370 2491 1437 ad
2535 1372 2649 1439 fu-
2717 1424 2722 1431 .

437 1485 622 1557 tura,
676 1474 1038 1562 subestque
1085 1473 1146 1540 ei
1179 1471 1351 1538 haec
1379 1470 1739 1538 sententia:
1791 1470 2055 1539 nescio.
2123 1471 2277 1540 Alia
2306 1482 2410 1542 est
2445 1484 2646 1567 opta-
2764 1494 2769 1501 ·

437 1577 552 1645 tivi
589 1576 759 1644 ratio
774 1625 796 1665 ,
849 1584 925 1643 ut
955 1575 1140 1668 apud
1173 1574 1619 1642 Theocritum
1647 1574 1924 1642 XXVII.
1959 1571 2079 1640 24.

644 1727 764 1800 καὶ
805 1725 922 1817 τί,
977 1725 1221 1823 φίλος,
1268 1729 1551 1825 ῥέξαιμι
1567 1753 1595 1817 ,·

348 1902 351 1909 ·
440 1881 627 1972 quod
653 1880 788 1948 illic
818 1880 1095 1970 quidem
1126 1880 1517 1950 vertendum
1551 1888 1672 1968 est,
1720 1879 1898 1973 quid
1907 1873 2321 1972 facerem?
2369 1879 2452 1947 Id
2490 1903 2655 1950 vero

441 2008 577 2054 non
609 1993 711 2053 est
741 1984 1168 2052 deliberantis
1186 2032 1207 2067 ,
1261 1984 1382 2052 sed
1418 1985 1739 2053 iudicium
1767 1983 2188 2073 exquirentis,
2243 1983 2651 2052 subiectam-

442 2111 576 2181 que
599 2087 810 2155 habet
837 2086 1016 2155 hanc
1050 2089 1474 2157 sententiam:
1506 2106 1670 2157 'non
1687 2097 1889 2181 puto.
1992 2086 2281 2154 Iudicari
2313 2095 2537 2155 autem
2566 2088 2657 2157 de

442 2189 904 2283 praesentibus
945 2198 1013 2259 et
1053 2191 1426 2282 praeteritis
1453 2214 1590 2259 non
1617 2193 1830 2260 minus
1865 2212 2067 2280 quam
2102 2189 2190 2258 de
2226 2188 2463 2259 futuris
2492 2199 2653 2282 pot*

444 2302 561 2365 est.
627 2295 856 2378 Quare
889 2294 1168 2386 optativi
1196 2317 1350 2363 usus
1381 2295 1546 2363 nulli
1575 2303 1679 2363 est
1708 2293 1998 2385 tempori
2031 2291 2402 2361 adstrictus.
2473 2293 2656 2362 Hinc

442 2398 521 2464 fit
536 2445 557 2482 ,
607 2406 708 2486 ut,
759 2418 965 2486 quum
999 2396 1088 2464 de
1114 2398 1488 2488 praeteritis
1514 2398 1874 2487 loquimur,
1928 2395 2306 2463 necessario
2343 2397 2426 2464 sit
2461 2406 2658 2488 opta-

442 2500 579 2567 tivo
610 2499 973 2587 utendum,
1026 2501 1186 2590 quia
1229 2501 1315 2568 de
1356 2500 1463 2569 his
1502 2500 1782 2568 iudicari
1823 2498 2136 2589 quidem,
2189 2497 2312 2567 se‘d
2350 2522 2488 2568 non
2532 2499 2660 2569 de-

444 2603 713 2671 liberari
736 2612 983 2694 potest.
1084 2602 1222 2672 Vt
1203 2627 1273 2672 ιιι
1304 2603 1628 2695 Aeschyli
1658 2603 2062 2695 Supplicum
2092 2601 2311 2671 initiot
2611 2588 2616 2593 ’

652 2752 820 2828 ’τίνοι
835 2754 1018 2874 yqfiv
1048 2749 1288 2848 χώραν
1315 2754 1640 2854 εὔφρονα
1668 2755 1950 2850 μᾶλλον

651 2854 851 2953 τῆςὸ’
877 2852 1369 2953 ἄφικοίμεθας

446 3012 646 3079 Patet
684 3018 954 3101 autem,
1008 3011 1063 3079 si
1104 3021 1361 3081 rectam
1400 3011 1772 3081 orationem
1811 3011 2117 3081 restituas
2131 3056 2153 3096 ‚
2218 3030 2357 3078 non
2409 3007 2663 3102 ubique

445 3136 651 3207 posse
680 3113 819 3181 eius
854 3114 1082 3203 verbi,
1129 3116 1314 3185 cuius
1350 3118 1723 3209 optativum
1758 3116 2052 3208 positum
2089 3112 2390 3182 videmus
2408 3161 2429 3198 ‚
2480 3113 2660 3181 indi·
2751 3135 2755 3139 ·

451 3217 741 3285 cativum
795 3216 1120 3289 adhiberi.
1222 3218 1316 3288 Vt
1354 3219 1491 3288 hoc
1540 3221 1762 3310 ipsum
1810 3217 1889 3290 τί
1940 3218 2229 3315 ρέξαιμι
2268 3223 2455 3284 recta
2507 3238 2658 3284 ora·

450 3320 632 3389 tione
661 3319 913 3388 dictum
958 3343 1092 3388 ιιοιι
1144 3330 1246 3389 est
1293 3319 1371 3395 τί
1415 3323 1659 3416 ἔρεξα,
1713 3320 1835 3390 sed
1879 3319 1956 3392 τί
1996 3320 2290 3417 ρεκτεόν
2336 3345 2468 3415 ηνς
2516 3319 2664 3388 Sed

452 3424 508 3491 si
552 3444 834 3514 quaeras
877 3415 1205 3517 ποιήσειε
1248 3424 1520 3515 τοῦπος
1548 3422 1833 3516 fecerit
1880 3417 2138 3491 istud?
2187 3430 2330 3489 tum
2370 3444 2531 3489 vero
2574 3422 2680 3489 11--

454 3526 632 3593 cebit
660 3539 848 3593 recta
871 3527 1171 3594 oratione
1200 3527 1367 3613 dici,
1421 3526 1713 3625 ἐποίησε
1746 3525 2018 3598 τοῦτο·
1990 3579 2015 3617 ,
2062 3526 2391 3593 Nimirum
2419 3524 2531 3591 hic
2572 3525 2663 3594 de

452 3628 636 3696 facto
674 3628 1049 3717 quaeritur3
1100 3629 1168 3697 in
1209 3630 1326 3696 illo
1369 3637 1596 3696 autem
1625 3630 1941 3721 exemplo
1979 3628 2068 3696 de
2104 3637 2290 3696 recte
2316 3627 2663 3697 faciendo·
2644 3679 2665 3697 .

453 3741 528 3799 ut
560 3731 652 3797 ibi
689 3752 965 3821 quoque
1023 3732 1323 3801 eiusdem
1364 3732 1555 3801 verbi
1599 3732 1956 3801 indicativo
2002 3731 2098 3798 uti
2142 3730 2393 3822 possis,
2456 3731 2667 3800 modo

457 3835 551 3901 sic
593 3833 812 3923 dicae,
867 3830 998 3906 οὐκ
1035 3830 1276 3930 ὀρθῶς
1303 3837 1539 3928 ἔρεξας
1576 3836 1754 3903 Nam
1779 3833 1947 3903 illud
1976 3833 2057 3905 τί
2082 3834 2369 3927 ῥέξαιμι
2397 3856 2473 3902 re
2505 3857 2667 3902 vera

457 3935 619 4004 nihil
656 3944 757 4004 est
798 3935 922 4004 nisi
960 3937 1358 4007 coniunctivi
1401 3937 1471 4005 in
1511 3939 1813 4007 oratione
1858 3936 2134 4026 obliqua
2171 3957 2328 4004 cum
2364 3938 2667 4029 optativo

458 4039 911 4109 commutatio.
1014 4041 1250 4109 Tertia
1295 4041 1466 4109 ratio
1520 4050 1623 4110 est
1669 4039 1950 4134 optativi
1992 4062 2149 4109 cum
2197 4041 2528 4131 particula
2575 4039 2667 4114 ἄν

460 4143 830 4231 coniuncti,
881 4151 958 4212 ut
976 4143 1169 4217 Iliad.
1195 4171 1260 4218 τ.
1292 4141 1416 4212 90.

640 4285 849 4368 duh?
894 4291 974 4368 τί
1020 4322 1140 4370 κεν
1189 4296 1479 4395 ῥέξαιμι
1492 4323 1520 4388 ,·

460 4469 636 4537 quae
667 4445 857 4539 quod
888 4449 1266 4559 optativum
1304 4448 1516 4520 habet
1550 4448 1701 4544 ipsa
1732 4469 2005 4540 quoque
2050 4458 2152 4518 est
2193 4445 2511 4516 iudicium
2549 4466 2670 4515 ex-
