3284 5159
585 414 677 480 4⁰
958 485 963 494 ‚
1077 416 1083 422 ·
1274 410 1390 478 DE
1461 387 2009 476 PARTlcVLA
2051 404 2144 476 ἄν

582 596 1068 777 οἷντζβέλησας
1081 657 1110 693 ‚
1176 601 1306 674 'sed
1343 601 1579 677 male
1561 623 1631 675 ιιι
1675 623 1759 673 eo
1787 616 1988 680 versu
2029 602 2146 691 qui
2190 601 2318 674 hos
2360 605 2660 695 sequitur
2705 605 2804 679 sic

585 731 719 777 son
768 730 805 775 e
856 713 999 775 ant·

792 887 978 968 α’λλοέ
1001 919 1080 967 ιιε
1107 897 1305 970 κεῖνα
1329 885 1656 986 μάλιστα
1692 886 1865 965 ι’δαῗν
1894 886 2293 990 ἕτεθῆπεας
2327 893 2567 990 θυμῷ.

580 1080 958 1176 Vtrumque
1008 1068 1078 1154 iu
1126 1088 1472 1175 postrema
1519 1078 1814 1151 editione
1861 1081 2123 1173 recepit
2165 1080 2471 1168 wolfius,
2573 1080 2804 1175 Vulgo

583 1179 996 1281 ἐτεθήπεα,
1067 1207 1153 1252 ex
1210 1182 1347 1254 Od.
1402 1193 1456 1270 ζ.
1515 1180 1690 1251 166.
1744 1193 1819 1251 ut
1868 1184 2146 1275 opinor„
2230 1177 2803 1277 ΑΙίἰ-ἐτεθῆπεο,

586 1287 700 1354 alii
725 1281 1045 1382 θηήσαο,
1075 1310 1280 1375 quam
1311 1309 1542 1355 veram
1570 1287 1974 1378 scripturam
2005 1310 2150 1355 esse
2179 1288 2288 1355 vix
2320 1288 2469 1355 sinit
2498 1287 2806 1356 dubitare

586 1390 954 1457 simillimus
981 1391 1206 1472 locus,
1259 1387 1395 1460 Od.
1424 1395 1484 1463 λ.
1517 1386 1697 1460 415.
1723 1413 1914 1481 seqq.
1945 1425 1949 1432 ·
2019 1389 2226 1461 Aliud
2262 1400 2655 1484 corruptum
2690 1414 2806 1460 ex-

588 1493 892 1587 emplum
921 1494 1249 1567 invenitur
1282 1491 1419 1566 Od.
1449 1502 1506 1576 ξ
1535 1490 1709 1563 162.

791 1679 935 1754 τοῦ
957 1679 1094 1774 μὲν
1125 1678 1522 1775 φθίνοντος
1547 1674 1809 1779 μηνός,
1860 1678 2001 1754 τοῦ
2034 1677 2108 1753 δ
2141 1682 2598 1810 ἱσταμένοιο,

794 1786 1041 1856 οἴκαδε
1069 1778 1442 1880 νοστήσει,
1492 1783 1613 1856 καὶ
1657 1782 1977 1871 τίσεται,
2033 1782 2110 1863 ὅς
2139 1811 2259 1856 κεν
2287 1785 2560 1856 ἐκείνου

792 1880 1054 1961 ἔνθαδ’
1092 1882 1432 1981 οἷτιμοὶζει
1464 1885 1733 1977 αλοχον
1768 1884 1888 1958 καὶ
1925 1886 2281 1982 φαίδιμον
2310 1880 2495 1959 υἱόν.

582 2074 721 2145 Hic
750 2082 866 2144 aut
887 2066 1204 2169 α’τιμᾶζῃ
1228 2073 1676 2161 scribendum,
1719 2082 1853 2161 aut,
1892 2081 2153 2145 servato
2180 2073 2559 2163 indicativo,
2591 2072 2805 2168 ὄςτις,

572 2176 777 2271 *quod
807 2178 918 2245 alii
942 2176 1096 2245 libri
1122 2175 1397 2244 habent.

528 2287 531 2294 '
797 2279 942 2354 Sed
973 2280 1126 2347 satis
1162 2278 1250 2346 de
1288 2279 1428 2366 his,
1474 2302 1682 2370 quae
1692 2280 1854 2348 ferri
1888 2288 2246 2370 nequeunt.
2348 2281 2590 2349 Dicam
2629 2304 2806 2350 nune

589 2383 681 2452 de
721 2382 850 2451 illis
891 2382 1156 2454 duobus
1206 2380 1462 2470 modiS,
1516 2406 1686 2474 quos
1731 2405 1936 2474 supra
1965 2385 2195 2450 monui
2234 2384 2475 2451 rationi
2512 2406 2650 2452 non
2692 2407 2807 2453 re—

587 2509 900 2580 pugnare
917 2536 938 2573 ‚
1008 2486 1062 2553 si
1114 2486 1372 2576 possint
1424 2486 1748 2579 exemplis
1805 2487 2202 2556 confirmari.
2321 2486 2580 2554 Eorum
2622 2489 2808 2579 prior

591 2598 737 2658 erat
787 2590 876 2671 is,
941 2598 1016 2656 ut
1068 2588 1139 2654 in
1186 2590 1561 2658 narratione
1607 2590 1706 2657 rei
1748 2589 2066 2658 fortuitae
2117 2590 2688 2678 quemadmodum
2739 2591 2808 2660 in

587 2685 964 2785 praeteritis
986 2740 1008 2778 ,
1059 2692 1154 2758 sic
1196 2693 1397 2759 etiam
1431 2716 1586 2760 cum
1625 2694 1994 2784 praesentis
2035 2692 2394 2760 indicativo
2433 2693 2809 2784 coniunger-

587 2806 773 2882 retur
797 2793 910 2867 ἄν.
1011 2793 1263 2883 Fateor
1289 2818 1472 2883 vero,
1523 2797 1780 2865 nullum
1816 2796 1983 2864 mihi
2009 2798 2391 2887 exemplum
2421 2797 2807 2882 occurrisse,

589 2887 781 2989 quod
812 2899 997 2969 hunc
1044 2921 1239 2966 usum
1276 2900 1367 2969 ita
1404 2900 1665 2984 firmet,
1732 2908 1809 2966 ut
1854 2921 1993 2967 non
2034 2908 2150 2965 aut
2196 2907 2625 2990 corruptum,
2692 2910 2808 2969 aut

590 3003 829 3076 saltem
875 3010 1264 3096 suspectum
1292 3002 1613 3075 videatur.
1717 3001 1862 3071 Sed
1902 2999 2473 3091 quemadmodum
2514 3012 2805 3070 temera-

586 3107 724 3175 rius
775 3115 985 3190 esset,
1042 3105 1157 3193 qui
1201 3103 1416 3173 dubiis
1456 3106 1783 3197 exemplis
1827 3104 2233 3191 confideret,
2285 3106 2377 3172 ita
2411 3127 2549 3172 non
2590 3106 2807 3176 minus

588 3207 1077 3277 inconsiderate
1124 3217 1390 3298 ageret,
1444 3209 1560 3297 qui
1607 3231 1780 3297 quae
1826 3231 1962 3275 non
2008 3217 2124 3275 aut
2165 3209 2361 3276 certis
2425 3216 2540 3276 aut
2583 3209 2805 3275 multis

468 3379 475 3388 ,
590 3311 913 3400 exemplis
943 3311 1385 3401 comprobata
1415 3311 1707 3395 videret,
1759 3333 1849 3378 ne
1899 3334 2105 3402 posse
2156 3311 2432 3400 quidem
2475 3310 2609 3383 dici
2640 3333 2807 3382 con-

590 3411 918 3487 tenderet.
1017 3412 1228 3507 Apud
1256 3413 1633 3487 Homerum
1661 3414 1853 3485 iliad.
1889 3424 1945 3497 ξ
1976 3412 2150 3484 484.
2180 3414 2471 3507 legitur·

1581 3630 1685 3696 τω
1714 3599 1837 3674 καί
1855 3602 1941 3675 κε’
1959 3628 2071 3683 τις
2108 3599 2399 3691 εὔχεται
2430 3595 2613 3698 nimfo

684 3705 691 3708 ’
797 3670 1076 3799 γνωτον
1107 3703 1213 3777 ἑνι
1236 3696 1669 3802 μεγάροισιν
1702 3699 1878 3801 α’ρῆς
1906 3699 2229 3800 α’λκτῆρα
2249 3706 2619 3777 λιπεᾛσθαι

592 3892 752 3963 Non
778 3892 978 3960 facile
1013 3888 1189 3959 haec
1220 3892 1571 3982 quisquam
1598 3889 2168 3991 reprehenderet,
2222 3892 2277 3958 si
2314 3879 2598 3961 verbum
2629 3900 2809 3961 esset

592 3995 916 4087 temporis
948 3994 1308 4087 praeteriti.
1414 3995 1666 4063 Verum
1700 3995 1823 4080 etsi
1855 3994 2029 4062 haec
2076 4004 2177 4063 est
2206 3994 2696 4084 plerorumque
2720 3996 2807 4063 li-

593 4098 872 4165 brorum
909 4099 1275 4190 scriptura,
1325 4107 1551 4165 tamen
1578 4096 1745 4165 nihil
1790 4098 1855 4165 ei
1890 4097 2317 4166 tribuendum
2345 4106 2465 4166 est.
2572 4096 2805 4168 Omis-

596 4223 747 4271 sum
775 4210 879 4272 est
904 4228 980 4274 κε
1013 4202 1083 4268 ἰιι
1129 4201 1363 4271 codice
1405 4199 1591 4293 apud
1622 4199 2008 4286 markium,
2058 4200 2432 4288 omittitque
2472 4202 2541 4276 in
2584 4202 2805 4292 expli-
2901 4268 2906 4272 .

598 4287 858 4377 catione
908 4304 1040 4372 loci
1088 4303 1478 4373 Eustathius
1520 4327 1590 4396 p.
1653 4300 1842 4389 998,
1906 4302 2030 4376 41.
2081 4300 2304 4393 (995,
2353 4299 2474 4370 15.
2491 4306 2525 4394 )
2630 4302 2803 4372 cod.

594 4407 777 4479 Vrat.
821 4407 887 4481 d.
919 4414 1141 4478 autem
1184 4406 1392 4479 habet
1428 4406 1534 4497 id,
1588 4405 1777 4498 quod
1815 4401 1891 4520 ut
1937 4414 2006 4478 et
2054 4407 2518 4481 consuetudini
2560 4416 2806 4502 poetae
