3284 5159
1299 431 1467 496 LIB.
1514 432 1563 494 1.
1654 432 1852 493 CAP.
1894 436 1955 497 4.
2660 437 2744 499 13

1578 728 1700 801 IV.

920 879 1089 950 De
1190 859 2361 952 constructione.

735 1031 1047 1102 construi
1077 1034 1354 1103 dicimus
1388 1037 1631 1123 verba,
1685 1059 1861 1127 quae
1892 1037 2244 1105 coniuncta
2283 1036 2556 1128 plenam
2586 1058 2744 1104 sen-

527 1134 800 1205 tentiam
848 1138 1166 1206 efficiunt.
1269 1141 1468 1208 Nunc
1517 1140 1892 1232 particulae
1949 1139 2060 1212 ‹3ss
2097 1149 2166 1207 et
2202 1141 2321 1212 κέν
2334 1193 2363 1228 ,
2427 1140 2748 1228 quoniam

530 1239 920 1308 conditionis
955 1242 1507 1332 significationem
1540 1245 1908 1330 continent,
1960 1243 2170 1310 verbo
2198 1242 2473 1332 quidem
2514 1263 2746 1310 carere

526 1366 854 1433 nusquam
888 1354 1206 1435 possunt:
1250 1369 1409 1414 nam
1441 1346 1653 1414 sicubi
1676 1346 1867 1415 deest
1897 1346 2199 1432 verbum,
2236 1345 2746 1442 intelligendum

529 1455 633 1515 est
652 1448 946 1532 :fmodos
984 1457 1211 1516 autem
1250 1449 1637 1539 formasque
1668 1451 1858 1517 verbi
1888 1448 2242 1516 admittunt
2276 1470 2543 1534 omnes,
2587 1447 2747 1538 quia

528 1552 598 1618 in
635 1552 942 1640 omnibus
976 1551 1304 1621 accedere
1346 1561 1575 1644 potest
1621 1552 2013 1621 conditionis
2049 1552 2322 1623 notatio.
2427 1550 2575 1621 Sed
2610 1573 2748 1619 non

490 1713 497 1722 .
531 1676 685 1721 cum
712 1653 1017 1723 omnibus
1048 1664 1272 1723 tamen
1307 1657 1492 1725 solae
1511 1679 1639 1749 per
1669 1679 1742 1725 se
1769 1656 2060 1732 construi
2085 1655 2154 1722 in
2179 1677 2264 1723 eo
2293 1654 2569 1745 quidem
2598 1677 2747 1723 ser-

530 1780 729 1825 mone
785 1766 1097 1849 possunt,
1163 1759 1279 1847 qui
1329 1758 1641 1851 deposita
1690 1760 1896 1851 prisci
1933 1757 2257 1849 temporis
2314 1758 2747 1826 fluctuatione

532 1869 755 1936 certas
779 1870 881 1928 est
912 1860 1182 1929 dicendi
1221 1864 1410 1954 leges
1443 1872 1783 1953 sequutus,
1883 1862 2121 1951 ltaque
2149 1870 2333 1929 recte
2363 1861 2545 1928 dicas
2576 1883 2746 1928 con-

529 1963 691 2031 strui
737 1962 830 2036 <220
890 1987 1044 2031 cum
1085 1964 1475 2052 indicativo,
1536 1966 1836 2057 optativo
1851 2014 1872 2051 ,
1936 1963 2294 2057 participio
2307 2010 2329 2048 ,
2393 1963 2743 2047 infinitivo,

527 2075 604 2134 ut
635 2067 877 2157 ἔλεγον
924 2065 1049 2145 ἄν,
1105 2064 1387 2161 λέγοιμ’
1437 2067 1574 2147 ἄν,
1625 2070 1848 2159 λέγων
1895 2066 2031 2156 ἄν,
2114 2069 2344 2157 λέγειν
2392 2063 2523 2138 ἄν·
2602 2088 2776 2168 non⁴

530 2177 752 2237 autem
780 2170 995 2260 possis
1031 2170 1259 2240 dicere
1295 2171 1470 2241 solas
1505 2195 1633 2263 per
1660 2194 1734 2239 se
1772 2193 1926 2238 cum
1953 2169 2377 2238 coniunctivo
2417 2169 2741 2238 construi:

528 2295 752 2361 neque
787 2273 960 2340 enim
989 2276 1153 2369 λέγῃ
1184 2272 1277 2346 ἄν
1315 2274 1448 2343 dici
1472 2276 1661 2343 licet:
1714 2295 2123 2364 quamquam
2154 2271 2231 2352 ὃς
2261 2270 2351 2344 ἄν
2379 2273 2520 2341 iure
2550 2272 2744 2342 dice-

530 2398 679 2444 mus
724 2398 878 2443 cum
912 2376 1028 2443 illo
1061 2379 1354 2446 construi
1385 2379 1574 2447 verbi
1604 2376 1833 2447 modo.
1936 2378 2133 2446 Patet
2176 2385 2401 2443 autem
2441 2375 2608 2466 quid
2632 2376 2742 2444 iu-

529 2479 734 2547 tersit.
839 2480 1016 2547 Nam
1044 2481 1286 2549 modus
1312 2482 1501 2550 verbi
1516 2533 1536 2569 ,
1590 2503 1887 2571 quocum
1911 2479 2060 2573 ips'a
2092 2503 2224 2572 per
2254 2502 2325 2548 se
2369 2487 2746 2548 constructa

533 2592 634 2651 est
659 2582 991 2674 particula
1026 2581 1150 2663 ἄν,
1206 2585 1403 2653 aliam
1436 2586 1575 2655 eius
1605 2585 1990 2655 accessione
2030 2591 2435 2676 potestatem
2478 2584 2743 2676 accipit.

530 2684 738 2755 Aliud
781 2695 884 2754 est
922 2686 1102 2753 enim
1144 2687 1388 2779 ἔλεγον
1443 2687 1567 2769 ἄν,
1624 2711 1827 2778 quam
1865 2689 2139 2778 ἔλεγον·
2207 2693 2277 2754 et
2318 2687 2413 2754 sic
2456 2697 2745 2771 caetera,

533 2812 709 2879 quae
739 2790 1091 2860 attulimus.
1168 2791 1251 2858 In
1296 2792 1698 2860 coniunctivi
1744 2800 1986 2861 autem·
2010 2797 2347 2882 potestate
2381 2790 2545 2856 nihil
2587 2812 2743 2864 mu-

531 2902 746 2980 tatur,
801 2895 939 2961 sive
976 2893 1260 2961 accedat
1303 2892 1394 2967 ἄν
1410 2950 1438 2984 ,
1492 2896 1630 2965 sive
1679 2918 1816 2964 non
1860 2894 2175 2962 accedat·
2241 2901 2530 2960 mutatur
2577 2913 2745 2960 vero

532 2999 831 3089 potestas
880 2997 1055 3065 illius
1112 2998 1460 3086 vocabuli,
1529 3000 1638 3067 cui
1692 2999 2037 3067 adiunctus
2093 3005 2197 3065 est
2255 2996 2744 3065 coniunctivus·

533 3122 689 3167 nam
720 3091 889 3188 ἐάν,
940 3097 1165 3181 ὅταν,
1219 3099 1296 3181 ὃς
1325 3100 1419 3175 ἄν
1446 3102 1647 3171 aliam
1676 3102 1812 3171 vim
1850 3099 2141 3188 habent,
2195 3121 2399 3189 quam
2434 3101 2532 3188 εἴ,
2590 3095 2743 3188 ὅτε,

536 3200 634 3283 ὅς.
715 3202 951 3292 ltaque
978 3226 1114 3271 non
1148 3231 1240 3275 αν
1266 3204 1626 3275 dicendum
1660 3214 1761 3274 est
1795 3227 1952 3273 cum
1978 3201 2395 3271 coniunctivo
2433 3202 2743 3288 construi,

537 3305 658 3375 sed
703 3328 909 3374 voces
947 3306 1127 3391 illas,
1180 3308 1420 3396 quibus
1465 3309 1855 3378 adiunctum
1902 3316 2004 3377 est
2050 3304 2161 3379 ἄν.
2259 3305 2369 3373 Ex
2411 3304 2515 3373 his
2568 3305 2747 3372 enim

533 3409 792 3502 pendet
824 3410 1298 3497 coniunctivus,
1350 3413 1553 3481 etiam
1579 3414 1632 3481 si
1662 3418 1929 3480 careant
1953 3409 2282 3502 particula
2313 3410 2446 3477 illa.
2526 3408 2747 3498 quue

536 3514 736 3581 etiam
761 3513 901 3580 aliis
929 3516 1337 3604 argumentis
1370 3516 1836 3609 cognoscitur,
1889 3521 1957 3582 et
1988 3513 2284 3605 primum
2321 3511 2595 3601 quidem
2638 3534 2747 3597 eo,

537 3616 724 3705 quod
756 3616 966 3682 multa
994 3617 1321 3685 eiusmodi
1359 3620 1691 3687 vocabula
1744 3641 1900 3686 cum
1926 3617 2257 3709 particula
2295 3616 2409 3683 illa
2443 3616 2511 3683 in
2542 3635 2748 3682 unam

536 3741 776 3787 vocem
804 3719 1232 3807 coaluerunt,
1275 3729 1351 3788 ut
1378 3719 1561 3795 ὅταν
1577 3776 1606 3811 ,
1654 3715 1984 3809 ὁπόταν,
2038 3712 2186 3798 ἐάν,
2242 3711 2514 3807 ἐπεάν,
2541 3722 2747 3790 ἕπει-

540 3813 695 3907 δαν,
749 3832 817 3889 et
839 3822 1089 3890 Dorica
1118 3826 1313 3915 αἴκα,
1368 3822 1581 3896 ὅκκα·
1631 3824 1878 3892 deinde
1921 3844 1963 3891 e
2014 3822 2452 3890 collocatione
2492 3820 2748 3905 verbo-

536 3947 721 4012 rum,
783 3948 958 4014 quae
1001 3948 1274 4018 semper
1315 3928 1715 4019 particulam
1758 3928 1883 3995 illis
1933 3926 2314 4012 vocabulis,
2380 3946 2761 4013 numquam

537 4028 749 4096 verbo
779 4028 1068 4120 colligat.
1172 4032 1328 4098 Non
1376 4031 1554 4098 enim
1599 4029 1733 4097 dici
1756 4037 2026 4123 potest,
2074 4027 2150 4109 ὂς
2189 4029 2351 4123 λέγῃ
2390 4025 2502 4101 ἄν.
2605 4026 2753 4096 Sed

538 4130 782 4219 quod
762 4154 833 4198 m
868 4132 1319 4219 coniunctivo,
1371 4133 1555 4202 idem
1589 4156 1795 4225 saepe
1824 4134 2023 4201 etiam
2051 4131 2119 4197 in
2144 4131 2284 4199 aliis
2316 4119 2507 4197 verbi
2530 4130 2750 4198 modis

539 4232 800 4321 accidit,
845 4243 919 4302 ut
947 4257 1100 4303 cum
1118 4237 1192 4303 iis
1222 4258 1361 4304 non
1388 4234 1796 4328 particula*
1745 4264 1859 4325 ow,
1911 4234 2035 4304 sed
2062 4234 2190 4301 alia
2211 4256 2343 4301 vox
2370 4232 2752 4300 adiunctam

536 4336 799 4405 habens
830 4338 1012 4406 illam
1044 4339 1441 4431 particulam
1475 4349 1909 4407 construatur.
2009 4337 2094 4404 ld
2131 4336 2542 4405 monendum
2570 4335 2751 4402 iudi-

542 4441 688 4508 cavi
716 4450 1106 4533 propterea,
1158 4442 1346 4533 quod
1374 4465 1584 4532 quum
1612 4442 1778 4511 mihi
1810 4442 1881 4513 in
1906 4440 2306 4537 explicando
2334 4462 2458 4509 usu
2485 4439 2748 4507 illarum
