3284 5159
605 442 692 505 42
1280 434 1401 494 DE
1476 423 2166 495 PARTICVLAaev
2238 485 2247 496 .

604 628 840 723 optimi
864 627 1050 699 libri:
1102 626 1310 717 vulgo
1344 617 1780 718 γιγνοίμεθα.
1885 624 2053 710 Quis
2102 622 2215 692 hic
2253 648 2392 694 non
2434 628 2659 719 primo
2685 627 2825 695 ad-

603 742 840 824 spectu
869 733 977 800 vel
1001 724 1453 824 γιγνόμενοι,
1506 727 1715 818 quod,
1764 737 1841 795 ιιι
1869 733 2173 809 ἕξοντες,
2230 752 2315 797 ex
2339 732 2619 822 γνῶμεν
2642 754 2820 823 pen-

606 837 796 922 deat,
849 836 960 903 vel
995 835 1231 901 saltem
1261 830 1699 923 γιγνοίμεθα
1745 831 2141 922 exspectet?
2191 830 2287 899 Et
2325 836 2550 902 tamen
2597 836 2824 901 omnia

602 949 788 1008 recte
831 937 1101 1007 habent.
1199 935 1305 1002 Ac
1335 935 1628 1057 primum
1645 982 1665 1017 ,
1723 936 1791 1001 in
1831 956 1965 1023 quo
2000 933 2358 1003 haeserunt
2399 937 2820 1029 interprete5‚

605 1039 694 1115 οὐ
730 1040 893 1138 περὶ
927 1040 1067 1112 τοῦ
1091 1031 1661 1134 τιμωρήσασθαί
1698 1065 1868 1109 τινα
1897 1036 1990 1104 sic
2026 1044 2127 1105 est
2168 1038 2458 1125 dictum,
2511 1051 2587 1108 ut
2633 1042 2820 1110 refe-

603 1155 787 1214 ratur
814 1144 902 1212 ad
932 1142 1180 1238 φίλοςε
1226 1141 1497 1208 volebat
1526 1141 1703 1208 enim
1732 1140 1997 1228 dicere,
2050 1165 2177 1213 ουκ
2213 1140 2304 1213 ἄν
2340 1141 2505 1240 περὶ
2535 1145 2675 1217 τοῦ
2707 1171 2821 1216 τι·

601 1240 1096 1345 μωρήσασθαί
1141 1268 1315 1317 τινα
1363 1247 1565 1338 φίλοι
1620 1241 2096 1336 γιγνοίμεθα,
2169 1245 2421 1314 scilicet
2490 1246 2596 1327 οἷς
2648 1241 2821 1341 χρή·

602 1352 725 1419 sed
766 1374 854 1418 ne
896 1349 1001 1416 bis
1047 1346 1410 1414 dicendum
1448 1353 1625 1414 esset
1670 1345 1906 1441 φίλοι,
1956 1346 2026 1412 in
2069 1346 2278 1415 altera
2331 1358 2528 1442 parte
2573 1349 2819 1441 posuit,

603 1454 838 1522 addito
874 1451 1095 1521 statim
1136 1452 1486 1578 opposito:
1539 1456 1743 1538 atque
1770 1456 1844 1515 ut
1883 1448 2085 1543 φίλοι
2116 1459 2185 1517 et
2226 1447 2614 1547 διάφοροι,
2668 1458 2823 1532 τοῖς

606 1554 975 1646 ἐχθίστοις
1014 1561 1081 1621 et
1127 1552 1232 1632 οἶς
1274 1549 1362 1624 οὐ
1421 1545 1560 1648 χρῆ
1595 1553 1885 1619 invicem
1934 1555 2290 1643 opposuit,
2359 1556 2454 1622 sic
2501 1556 2822 1646 opposuit

605 1661 808 1728 etiam
837 1655 1274 1750 γιγνοίμεθα
1302 1652 1394 1727 ἄν
1424 1664 1493 1722 et
1523 1650 1689 1725 κατ’
1719 1647 2033 1749 α’ναγκην
2060 1651 2498 1748 γιγνόμεθα,
2542 1660 2636 1726 ita
2667 1660 2820 1747 qui-

607 1763 766 1830 dem
806 1771 882 1830 ιιι
920 1759 1254 1851 optativus
1295 1757 1384 1824 ad
1425 1785 1516 1829 αν
1552 1780 1635 1825 ex
1674 1757 1791 1825 illo
1835 1757 2194 1825 indicativo
2239 1762 2657 1852 supplendus
2714 1762 2819 1835 sit.

604 1868 841 1955 Itaque
878 1864 1078 1954 plene
1103 1862 1197 1929 sic
1227 1861 1444 1929 dicas·
1499 1856 1587 1932 οὐ
1613 1886 1778 1953 περι
1817 1860 1957 1932 τοῦ
1994 1856 2562 1959 τιμωρήσασθαι
2591 1858 2820 1961 ἀλλή-

603 1974 757 2060 λοις
800 1967 1001 2063 φίλοι
1055 1959 1561 2060 γενησόμεθα,
1629 1956 1813 2034 daza
1858 1990 1974 2034 και
2036 1962 2263 2055 ἄγαν,
2332 1968 2401 2038 εἰ
2441 1964 2818 2058 τύχοιμεν,

606 2071 809 2167 φίλοι
832 2068 968 2163 μὲν
1001 2095 1092 2138 αν
1121 2066 1558 2158 γιγνοίμεθα
1591 2070 1744 2144 τοῖς
1772 2064 2172 2157 ἐχθίστοις,
2228 2062 2580 2163 διάφοροι
2606 2070 2682 2142 δὲ
2714 2069 2821 2149 οἷς

607 2171 693 2247 οὐ
755 2166 890 2268 χρή
930 2167 1098 2241 κατ’
1124 2163 1472 2263 οἷνοὲγκην
1526 2161 1957 2259 γιγνόμεθα.
2061 2171 2217 2237 Νοιι
2262 2172 2461 2240 valde
2506 2173 2822 2241 dissimile

606 2286 710 2345 est
747 2276 884 2343 hoc
930 2271 1405 2341 Demosthenis
1437 2269 1546 2338 Ol.
1591 2271 1645 2337 1.
1686 2292 1757 2391 p.
1807 2267 1942 2358 15
1980 2270 2050 2339 8.
2106 2271 2279 2345 οὔτε
2318 2301 2455 2370 γαρ
2499 2275 2589 2356 ῶς
2628 2279 2826 2348 δοκεῖ

604 2379 725 2452 καὶ
762 2372 1019 2498 φήσειέ
1055 2401 1167 2454 τις
1209 2373 1301 2444 ἄν
1331 2367 1439 2469 μή
1474 2373 1759 2445 σκοπῶν
1802 2368 2150 2467 α’κριβῶς,
2206 2374 2601 2469 εὐπρεπῶς,
2659 2374 2821 2450 οὐδ

578 2561 583 2568 ,
608 2510 700 2563 ως
729 2480 822 2553 οἲν
849 2471 1180 2551 κάλλιστ
1212 2472 1413 2570 αυτῷ
1434 2468 1533 2548 τοῖ
1559 2472 1960 2569 πράγματα
1986 2480 2161 2572 ἔχοι.
2229 2480 2405 2549 Vide
2432 2481 2527 2547 ibi
2556 2480 2820 2549 Sohae-

604 2587 860 2667 ferum‚
915 2582 1021 2649 cui
1042 2580 1367 2671 displicet
1408 2582 1593 2668 ἔχει,
1646 2580 1839 2646 unice
1871 2581 2262 2670 probatur'
2233 2587 2410 2672 ε’χοι.
2515 2584 2752 2653 Neutri
2779 2608 2823 2651 a

603 2687 805 2758 codd.
842 2685 1015 2753 fides
1071 2683 1277 2751 deest.
1378 2681 1719 2750 Vtrumvis
1755 2683 2037 2750 alterum
2083 2707 2168 2752 ex
2195 2709 2268 2754 se
2306 2687 2522 2778 repeti
2558 2688 2821 2779 cogita-

601 2796 783 2861 tione
810 2788 1123 2883 postulat.

808 2893 1051 2985 Aptius
1085 2888 1314 2958 afferri
1345 2888 1596 2981 poterit
1618 2885 1757 2958 hoe
1790 2887 2258 2980 Aristophanis
2286 2892 2354 2961 in
2384 2892 2517 2985 Eq.
2549 2890 2788 2962 1131.

938 3027 1175 3119 χοῦτω
1225 3028 1363 3121 μὲν
1417 3025 1548 3116 ἄν,
1602 3022 1686 3099 εὖ
1734 3031 2005 3114 ποιεῖς,

937 3132 1001 3203 εἱ
1057 3158 1174 3203 σοι
1226 3125 1577 3227 πυκνότης
1629 3126 1864 3203 ἕνεστ

937 3237 1015 3307 ἐν
1066 3233 1174 3328 τῶ
1222 3228 1509 3329 τρόπῳ,
1563 3230 1653 3312 ῶς
1702 3233 1959 3326 λέγεις,

937 3329 1176 3431 τούτῳ
1230 3330 1419 3408 πάνυ
1467 3328 1717 3431 πολλή.

606 3472 800 3542 Haec
850 3481 950 3541 est
995 3474 1146 3541 libri
1189 3473 1597 3545 Ravennatis
1642 3473 2060 3563 aliorumque
2099 3476 2466 3566 scriptura,
2533 3449 2709 3563 qnae
2767 3475 2823 3542 si

608 3578 704 3646 sic
755 3565 1178 3669 intelligitur,
1247 3573 1436 3652 οὕτω
1475 3575 1613 3667 μὲν
1663 3575 1753 3648 ἄν
1782 3578 2055 3666 ποιῶν,
2111 3573 2194 3651 εὖ
2223 3584 2497 3657 ποιεῖς,
2550 3600 2684 3644 ιιοιι
2721 3587 2823 3646 est

607 3680 796 3770 quod
837 3704 988 3760 eam
1029 3681 1384 3772 vituperes,
1489 3677 1631 3747 Sed
1676 3701 1884 3767 quum
1931 3687 2168 3761 ποιοῖς
2216 3682 2283 3748 in
2330 3680 2479 3754 cod.
2523 3681 2692 3747 Ven.
2741 3703 2823 3748 ac

608 3782 797 3880 Suid.
838 3783 993 3851 edd.
1040 3788 1196 3851 vett.
1242 3791 1309 3850 et
1349 3781 1500 3850 cod.
1534 3775 1753 3851 Oxon.
1786 3785 2088 3874 legatur,
2141 3806 2279 3850 non
2307 3805 2481 3873 opus
2514 3765 2615 3850 est
2640 3782 2820 3849 indi-

607 3888 895 3955 cativum
920 3888 1110 3955 tueri.
1217 3886 1428 3970 Quod
1461 3885 1795 3954 Stobaeus
1833 3886 2053 3978 Serm.
2089 3887 2273 3955 XXI.
2311 3882 2381 3953 5.
2417 3909 2502 3955 ex
2526 3886 2820 3956 Menan*

606 3991 712 4059 dri
733 3989 1230 4082 Thrasyleonte
1262 3989 1508 4076 attulit,

812 4104 1004 4182 nato?
1053 4105 1264 4180 πολλ’
1318 4135 1409 4180 αν
1461 4104 1656 4181 ἐστίν
1710 4104 1799 4180 οὐ
1838 4108 2063 4189 καλῶς
2116 4108 2494 4206 εἰρημένον

808 4240 897 4286 το
951 4212 1186 4304 γνῶθι
1239 4204 1540 4283 σαυτόν·
1597 4205 2142 4309 χρησιμώτερον
2191 4238 2332 4309 γαρ
2385 4208 2475 4309 ἦν

811 4342 899 4388 το
953 4314 1187 4407 γνῶθι
1238 4340 1409 4393 τους
1459 4310 1752 4393 αλλους·

610 4437 726 4524 ubi
773 4437 961 4528 apud
1004 4436 1246 4504 Anton.
1298 4434 1556 4503 Meliss
1605 4433 1931 4526 scriptum
1975 4442 2075 4504 est
2124 4426 2315 4508 κατοῖ
2349 4434 2670 4518 πολλῶν,
2730 4436 2819 4504 Η.
