3284 5159
558 466 647 527 70
1233 459 1349 519 DE
1426 453 1975 521 PARTICVLA
2021 449 2114 519 ἂν

563 651 874 744 ἑκατέρῳ
931 641 1180 744 ζημίας
1223 650 1300 719 ἐκ
1354 645 1494 718 τοῦ
1537 625 1774 739 νόμου
1834 621 2193 719 θανοῖτου.
2294 641 2794 713 Demosthenes

563 752 834 825 inMid.
860 776 932 875 p.
964 745 1140 835 554,
1175 750 1246 822 1.
1301 742 1438 843 ἐγω
1471 745 1543 822 δ’
1579 745 1675 821 αὖ
1723 745 2160 822 τούναντίον
2202 741 2452 839 οἶμαι,
2508 750 2577 818 εἱ
2620 747 2797 820 τοῦ·

567 884 701 931 τον
737 852 1024 951 ἀφῆκα,
1077 853 1488 926 λελοιπέναι
1536 852 1680 943 μεν
1696 906 1724 940 ,
1781 880 1834 923 ω
1870 851 2126 944 ἄνδρες
2164 847 2607 947 Αθηναῖοι,
2659 843 2800 946 τήν

567 957 708 1033 τοῦ
739 956 1020 1031 δικαίου
1055 948 1263 1038 ταξιν
1278 1009 1307 1046 ,
1363 947 1597 1050 φόνου
1635 950 1705 1027 δ’
1737 982 1828 1026 αν
1845 948 2169 1076 εἰκότως
2193 951 2490 1047 ἐμαυτῷ
2520 956 2796 1042 λαχεῖν·

575 1056 662 1135 οὐ
694 1087 835 1156 γαρ
870 1055 959 1156 ἦν
989 1086 1124 1153 μοι
1166 1052 1396 1154 δήπου
1428 1051 1705 1150 βιωτον
1736 1056 1963 1129 τοῦτο
1994 1049 2408 1152 ποιήσαντι.
2473 1054 2608 1123 Vbi
2634 1078 2801 1124 vero

571 1186 711 1232 nou
760 1162 848 1231 de
895 1184 1016 1250 eo,
1083 1160 1270 1251 quod
1319 1183 1395 1229 re
1427 1182 1590 1227 vera
1627 1159 1759 1227 fuit
1813 1168 1927 1227 aut
1966 1181 2104 1226 non
2143 1159 2305 1242 fuit,
2390 1157 2514 1226 sed
2560 1157 2651 1227 de
2693 1178 2801 1245 eo,

577 1266 765 1357 quod
801 1275 997 1349 esset,
1050 1265 1106 1333 si
1155 1263 1320 1355 quid
1358 1262 1542 1331 aliud
1574 1272 1781 1349 esset,
1837 1285 2059 1330 sermo
2089 1270 2212 1348 est,
2264 1262 2641 1329 necessario
2674 1260 2803 1329 de-

574 1371 695 1438 bet
738 1396 829 1441 αν
859 1365 1219 1436 accedere.
1272 1374 1346 1434 ut
1387 1364 1577 1458 apud
1622 1364 1941 1434 eumdem
1978 1366 2031 1433 1.
2059 1365 2130 1432 in
2177 1363 2424 1455 steph.
2460 1386 2534 1456 p.
2578 1364 2805 1452 1109,

579 1472 652 1542 7.
709 1467 871 1545 οὐδ’
904 1470 995 1543 οἳν
1034 1469 1132 1550 εἷς
1180 1471 1290 1543 ἔτι
1323 1462 1555 1563 δήπου
1599 1464 1814 1541 τοῦτ’
1861 1460 2403 1565 ἐμαρτύρησεν,
2458 1495 2520 1539 ει
2560 1462 2667 1587 μή
2695 1496 2807 1550 τις

577 1602 698 1647 και
744 1574 983 1670 παρῆν
1029 1572 1517 1664 διατιθεμένῳ
1563 1572 1671 1665 τῷ
1705 1569 1933 1667 πατρὶ
1968 1570 2074 1665 τῷ
2121 1569 2308 1664 ἐμῷ,
2376 1566 2542 1643 οἷλλ
2586 1565 2808 1652 εὐθυς

582 1702 675 1749 αν
704 1673 897 1750 εἷπε·
952 1674 1031 1750 τί
1073 1670 1142 1749 δ’
1183 1672 1385 1772 ημεῖς
1427 1700 1636 1765 ισμεν
1653 1728 1681 1762 ,
1734 1676 1809 1745 εἴ
1839 1676 2030 1753 τινές
2067 1699 2206 1745 εισι
2239 1672 2594 1769 διαθῆκαι
2629 1678 2806 1746 Πα-

582 1779 874 1871 σίωνοςς
926 1777 1347 1870 Oppositum
1387 1777 1561 1844 enim
1603 1777 2001 1868 cogitatur:
2024 1784 2108 1846 at
2148 1775 2259 1843 5112·
2299 1783 2469 1845 sunt
2508 1775 2650 1845 hoc
2700 1787 2808 1846 te·-

582 1882 783 1954 statt’.
884 1884 1043 1951 Non
1087 1882 1180 1949 ita
1213 1882 1285 1948 in
1326 1880 1452 1947 illis
1484 1880 1684 1967 lociS‚
1734 1880 1804 1947 iu
1834 1879 2074 1969 quibus
2107 1877 2300 1948 deest
2324 1878 2654 1971 particula
2681 1878 2814 1952 ἄνε
2885 1895 2888 1902 ·

582 2008 874 2077 quorum
914 1984 984 2052 ἰιι
1026 1984 1211 2053 nullo
1247 1991 1475 2076 potest
1502 1983 1907 2051 contrarium
1943 1983 2225 2074 opponi.
2329 1981 2597 2051 Eadem
2637 1986 2808 2054 ratio

585 2099 687 2158 est
717 2088 910 2157 verbi
951 2081 1311 2185 δηλονότι.
1414 2085 1911 2154 Demosthenes
1950 2085 2041 2153 de
2075 2085 2245 2153 falsa
2275 2086 2481 2177 legat.
2511 2108 2590 2177 p.
2635 2083 2810 2177 353,

587 2192 711 2266 22.
742 2192 786 2265 ὅ
821 2189 1069 2264 τοίνυν
1088 2190 1435 2283 μέγιστον
1470 2182 1851 2262 οἶπαντων·
1906 2185 1949 2261 ὁ
1939 2214 2116 2312 εγαρ
2153 2191 2249 2269 εἰς
2281 2183 2415 2285 τήν
2441 2192 2813 2288 προτέραν

586 2288 872 2390 γραψας
901 2284 1307 2415 ἐπιστολήν,
1359 2291 1449 2386 ἢν
1484 2288 1881 2413 ἠνέγκαμεν
1913 2288 2153 2385 ἡμεῖς,
2208 2288 2329 2363 ὅτι
2373 2291 2697 2387 ἔγραφον
2739 2291 2814 2367 δ

587 2425 680 2470 αν
733 2396 854 2468 καὶ
905 2388 1343 2493 διαρρήδην,
1398 2390 1606 2490 ἡλίκα
1649 2391 1841 2487 ὕμας
1882 2389 1963 2465 εὖ
2004 2386 2326 2484 ποιήσω,
2381 2395 2452 2466 εἰ
2485 2423 2565 2469 ευ
2611 2394 2813 2493 ᾔδειν

589 2527 703 2572 και
732 2492 868 2595 τήν
902 2497 1325 2590 συμμαχίαν
1354 2522 1487 2586 μοι
1523 2496 2029 2624 γενησομένην,
2082 2493 2453 2589 γεγονυίας
2479 2498 2606 2596 τῆς
2634 2525 2816 2625 συμ;

587 2601 852 2693 μαχίας
885 2596 974 2672 ου’
1013 2600 1226 2696 φησὶν
1268 2600 1534 2670 εἶ’δεναι
1577 2598 1656 2670 τί
1696 2625 1787 2670 αν
1828 2623 2058 2671 ποιων
2092 2597 2506 2722 χαρίσαιτο,
2563 2598 2797 2677 ου’δὲ
2770 2633 2810 2677 ο

592 2698 813 2783 αὐτος
863 2700 1256 2791 υπέσχετο·
1329 2725 1559 2774 τουτο
1619 2727 1759 2797 γαρ
1812 2698 1971 2797 ᾔδει
2007 2694 2383 2798 δηλονότι,
2457 2706 2658 2802 εἴπερ
2707 2733 2812 2804 μη

590 2798 1000 2900 εφενοῖκιζεν
1041 2802 1247 2898 υμᾶς.
1357 2800 1635 2897 Nempe
1683 2803 1928 2891 sciret,
1979 2804 2223 2893 inquit,
2273 2803 2417 2873 nisi
2443 2828 2576 2876 vos
2610 2808 2815 2877 ludi-

591 2908 752 2979 brio
796 2905 1119 2978 haberet.
1221 2907 1380 2976 Nou
1427 2914 1614 2976 recte
1664 2855 1948 2975 adderet
2004 2907 2425 2998 particulam.
2533 2910 2816 3004 Signifi-

593 3022 780 3082 caret
829 3012 1006 3079 enim
1021 3060 1042 3097 ,
1111 3012 1367 3079 nescire
1405 3010 1615 3083 illum.

1604 3213 1790 3281 XIII.

714 3368 848 3437 De
896 3365 1447 3436 indicativo
1489 3366 2006 3461 particula
2059 3367 2170 3440 ἄν
2222 3367 2704 3439 rhetorice

1525 3485 1880 3557 omi-ssa.

799 3622 951 3691 Alia
998 3621 1168 3689 ratio
1186 3669 1207 3708 ,
1275 3644 1412 3711 qua
1451 3623 1786 3717 particula
1835 3623 1928 3696 ἂν
1984 3623 2354 3693 omittenda
2393 3635 2531 3715 est,
2597 3626 2666 3694 in
2706 3627 2822 3695 illa

592 3727 820 3818 figura
866 3724 1191 3811 cernitur,
1246 3747 1383 3813 qua
1425 3726 1617 3816 quod
1657 3728 1749 3796 ob
1801 3729 2251 3797 conditionem
2299 3752 2436 3797 ιιοιι
2475 3731 2825 3823 impletam

592 3851 729 3897 nou
764 3836 867 3897 est
906 3828 1196 3914 factum,
1254 3829 1395 3895 sine
1427 3829 1811 3898 conditione
1852 3840 1931 3898 ut
1959 3831 2217 3900 factum
2246 3832 2542 3901 sumitur.
2647 3834 2825 3901 Nam

598 3949 809 4022 quum
838 3931 908 3998 in
939 3930 1075 3999 hoc
1109 3952 1365 4023 genere
1404 3955 1542 4000 non
1576 3933 1793 4025 possit
1834 3934 2236 4003 contrarium
2278 3937 2671 4027 oppositum
2704 3959 2827 4004 co-

599 4035 832 4127 gitari,
886 4034 1123 4130 abesse
1163 4055 1443 4104 necesse
1474 4044 1574 4103 est
1603 4036 2006 4127 particulam
2026 4085 2046 4123 ,
2100 4060 2276 4126 quae
2307 4038 2381 4106 id
2416 4040 2698 4131 cogitari
2719 4041 2825 4107 iu-

593 4139 735 4211 bet.
806 4133 952 4206 Sed
987 4159 1071 4206 ex
1119 4159 1200 4205 ea
1243 4138 1393 4229 ipsa
1424 4161 1521 4227 re,
1581 4139 1769 4228 quod
1809 4140 2017 4208 debet
2060 4141 2129 4206 in
2160 4139 2295 4208 hac
2328 4142 2558 4235 figura
2589 4144 2827 4212 abesse

594 4240 970 4333 particula,
1023 4241 1485 4330 consequitur,
1538 4245 1820 4333 proprie
1861 4243 2375 4336 intelligendum
2420 4268 2569 4315 esse
2619 4268 2826 4338 prae-

595 4345 907 4432 teritum,
973 4352 1041 4410 et
1091 4364 1228 4410 ιιοιι
1269 4364 1473 4434 posse
1520 4345 1608 4412 de
1657 4357 2016 4437 praesente
2063 4356 2179 4414 aut
2226 4346 2456 4418 futuro
2519 4358 2828 4441 tempore

595 4446 839 4542 accipi.
945 4446 1181 4535 Itaque
1225 4468 1362 4515 ιιοιι
1393 4439 1552 4516 licet
1576 4447 1744 4537 dici,
1798 4477 1860 4523 ει
1899 4445 2164 4547 ἠδίκεις
2194 4451 2364 4544 εμέ,
2418 4478 2829 4551 ετιμωρου-
