3284 5159
1152 429 1328 502 LIB·
1374 429 1449 492 11.
1539 427 1734 497 (ιιι).
1777 433 1880 497 ιε.
1959 396 1962 403 ’
2537 394 2664 496 12²1

516 634 521 640 ‘
558 643 567 650 ·
645 610 762 693 Ob
793 622 1106 694 eamdem
1125 645 1428 692 caussam
1459 630 1578 697 ἵνα
1604 633 1687 694 ut
1720 648 1761 692 a
1794 620 2028 714 probis
2059 622 2498 714 scriptoribus
2521 646 2662 706 non

435 727 740 821 lang-itur
783 729 1033 799 futuro.
1136 729 1316 795 Nam
1358 727 1450 795 ad
1482 727 1882 818 particulam
1917 735 2101 794 certa
2133 727 2278 825 ‘loci
2317 727 2657 818 significa-

428 834 619 901 tione
647 831 1028 924 praeditam
1059 830 1114 899 si
1146 832 1348 899 etiam
1374 831 1564 898 verbi
1590 830 1831 899 modus
1856 828 2471 919 definitus-accedit,
2520 831 2658 898 tol-

435 936 598 1004 litur
627 935 883 1002 consilii
922 933 1174 1002 notatio
1189 985 1210 1023 ‚
1264 936 1542 1023 solaque
1580 943 1885 1003 remanet
1927 933 2160 1000 relatio
2200 934 2400 1001 facti:
2456 934 2625 1029 δεῦρ
2640 930 2658 951 ’

426 1033 607 1115 νἔλθ’
643 1044 760 1110 ἵνα
795 1031 1121 1126 κλαύσει,
1174 1037 1318 1107 huc
1342 1038 1538 1123 veni,
1590 1037 1715 1107 aba·
1747 1035 1876 1107 tibi
1907 1034 2209 1105 dabitur
2232 1038 2524 1105 malum.
2617 1050 2628 1055 ’

652 1174 851 1260 Quae
904 1175 1334 1263 coniunctivi,
1401 1175 1642 1244 eadem
1684 1175 1857 1243 ratio
1899 1183 2002 1244 cst
2040 1176 2352 1266 optativi:
2404 1198 2560 1243 nam
2601 1175 2656 1244 is

442 1278 611 1348 nihil
654 1287 755 1346 est
787 1278 911 1346 nisi
938 1278 1284 1347 conversio
1316 1278 1714 1347 coniunctivi
1739 1278 1808 1346 in
1836 1277 2037 1345 alium
2067 1278 2347 1346 modum
2375 1287 2687 1371 propter

434 1383 819 1453 orationem
858 1381 1221 1469 obliquam.
1327 1382 1536 1472 Atqui
1563 1380 1749 1473 quod
1789 1390 1975 1449 recta
2015 1382 2315 1451 oratione
2359 1381 2493 1449 dici
2535 1406 2659 1450 ne-

444 1486 630 1576 quit,
683 1508 767 1553 ne
794 1486 861 1553 in
893 1484 1235 1574 obliquam
1271 1485 1546 1575 quidem
1571 1492 1804 1579 potest
1830 1485 2145 1555 converti.

653 1622 971 1690 Diversus
1004 1623 1090 1690 ab
1125 1623 1261 1691 hoc
1302 1646 1556 1715 genere
1588 1624 1642 1694 is
1685 1622 2019 1714 optativus
2052 1630 2186 1713 est,
2240 1622 2356 1712 qui
2393 1645 2529 1691 non
2562 1631 2663 1690 est

447 1726 763 1795 orationis
795 1727 1147 1816 obliquae,
1200 1725 1320 1794 sed
1351 1729 1499 1819 ipse
1546 1750 1677 1820 per
1712 1749 1785 1793 se
1819 1747 1974 1792 cum
2010 1726 2342 1817 particula
2374 1725 2465 1798 οἳν
2493 1748 2660 1793 con-

440 1831 953 2003 }pgtrusssgosse
1009 1829 1173 1920 quid
1226 1831 1374 1898 fieri
1433 1831 1796 1923 significat:
1848 1838 1924 1896 ut
1973 1828 2162 1922 apud
2223 1829 2662 1899 Theocritum

1448 2119 1585 2218 ἐγώ
1611 2125 1696 2198 δέ
1712 2150 1834 2197 τοι
1858 2115 2311 2219 ἡγεμονεύσω

661 2221 871 2300 αὖλιν
901 2229 966 2307 ἐς
997 2221 1393 2324 ἡμετέρην,
1448 2235 1566 2301 ἵνα
1594 2254 1714 2300 κεν
1744 2228 2143 2321 τέτμοιμεν
2176 2223 2455 2299 ἄνακτα
2475 2245 2492 2262 ·

450 2416 493 2484 i.
535 2438 593 2496 e.
626 2414 751 2484 ube·
773 2413 1207 2484 inveniemus
1232 2438 1508 2510 regem.

662 2518 807 2588 Sed
837 2519 1198 2588 dicendum
1225 2520 1359 2587 iam
1397 2518 1488 2589 de
1515 2518 1873 2612 exemplis,
1927 2518 1983 2588 si
2009 2540 2186 2609 quae
2225 2519 2668 2611 reperiuntur,

455 2628 577 2696 ἵνα
608 2632 690 2693 ut
720 2623 1147 2715 significantis
1195 2646 1352 2692 cum
1381 2623 1800 2694 coniunctivo
1834 2631 1901 2692 et
1924 2622 2253 2714 particula
2280 2622 2374 2695 ἄν
2397 2622 2669 2692 haben-

452 2727 652 2796 tibus.
758 2730 864 2796 Ac
903 2727 1129 2820 primo
1161 2749 1297 2795 non
1341 2736 1441 2797 est
1488 2723 1806 2817 dubium,
1858 2725 2019 2818 quin
2037 2776 2057 2814 ,
2112 2727 2164 2795 si
2205 2727 2537 2817 particula
2577 2727 2670 2799 ἄν

456 2830 548 2899 ad
584 2829 768 2900 aliud
794 2831 1200 2899 vocabulum
1234 2833 1602 2923 pertineat,
1656 2831 1732 2899 id
1769 2833 2025 2900 nullum
2064 2829 2536 2916 constructioni
2564 2831 2672 2897 af-
2699 2892 2706 2896 ,

456 2934 633 3003 ferat
653 2934 902 3004 vitium.
1007 2934 1110 3001 lta
1135 2934 1321 3027 apud
1348 2935 1727 3005 Homerum
1760 2933 1897 3004 od.
1932 2929 2220 3028 μ.156.

668 3118 828 3195 ἀλλ’
859 3122 1032 3218 ἐρέω
1063 3121 1201 3215 μὲν
1232 3116 1371 3216 ἐγω
1384 3177 1412 3212 ,
1468 3129 1586 3197 ἵνα
1616 3117 1963 3203 aldone*
1913 3151 1958 3219 η
1995 3147 2096 3195 κε
2105 3115 2489 3215 θάνωμεν,

666 3223 716 3322 ἤ
742 3252 861 3299 κεν
892 3219 1331 3319 ἀλευάμενοι
1359 3220 1696 3335 θάνατον
1722 3224 1840 3298 καὶ
1870 3226 2057 3324 κῆρα
2093 3217 2469 3323 φύγοιμεν

320 3444 325 3449 ·
461 3415 640 3484 Nam
659 3441 737 3487 κε
762 3413 1134 3507 particula
1115 3436 1183 3481 m
1200 3414 1394 3505 epica
1407 3411 1700 3485 dictione
1717 3412 1808 3481 ad
1827 3414 2044 3482 solum
2074 3441 2115 3508 η
2092 3411 2439 3506 pertinet,
2489 3414 2679 3504 quod

465 3541 551 3588 ex
595 3514 644 3615 ἦ
698 3525 1119 3586 asseverante
1176 3525 1404 3585 natum
1426 3567 1447 3605 ‚
1514 3518 1804 3607 aliquam
1850 3517 2045 3586 huius
2090 3518 2226 3585 vim
2286 3525 2538 3605 servat,
2603 3527 2681 3585 ut

467 3621 871 3690 Germanice
903 3645 1032 3712 per
1071 3620 1267 3692 wohl
1306 3630 1499 3691 elwa
1530 3621 1812 3713 exprimi
1854 3621 2085 3713 possit.
2171 3619 2509 3688 *Eiusdem
2547 3644 2680 3714 ge-

463 3726 639 3795 neris
671 3724 807 3793 hoc
832 3734 934 3793 est
968 3724 1444 3793 Demosthenis
1479 3732 1715 3792 contra
1743 3724 2040 3817 Aristog.
2067 3723 2120 3790 Ι.
2147 3747 2220 3815 p.
2253 3721 2428 3809 78⁰,
2464 3722 2536 3797 7.
2562 3722 2683 3791 ubi

465 3827 779 3898 Reiskius
826 3850 912 3897 ex
951 3827 1214 3896 duobus
1261 3827 1460 3899 codd.
1504 3830 1686 3920 Aug.
1721 3825 1963 3917 quibus
1998 3827 2260 3894 accedit
2298 3826 2682 3895 Parisiensis

447 3955 637 4009 ,unus
668 3931 856 4023 apud
880 3930 1298 4018 Bekkerum,
1334 3930 1574 4000 edidit·
1628 3928 1738 4010 τίς
1772 3925 1844 4002 δ
1878 3956 2009 4002 ουκ
2028 3928 2120 4001 ἄν
2138 3955 2235 4010 εις
2252 3925 2429 4002 ὅσον
2450 3931 2680 4003 δυνα-

469 4061 605 4108 τον
651 4027 935 4130 φεύγοι,
968 4032 1088 4107 καὶ
1134 4061 1268 4108 τον
1302 4034 1565 4124 ἔχοντα
1597 4025 1875 4129 ταύτην
1906 4025 2223 4105 ἐκποὸων
2268 4026 2681 4127 ποιήσαιτο,

472 4143 591 4210 ἴνα
619 4133 791 4235 μηδ
822 4136 915 4210 ἄν
955 4135 1148 4209 ἄκων
1185 4132 1376 4232 αὐτῇ
1412 4136 1591 4209 ποτὲ
1631 4135 1995 4231 περιπέσῃ.
2099 4134 2369 4203 Delevit
2397 4134 2682 4204 Bekke-

470 4262 583 4309 rus
610 4239 702 4312 ἄν
744 4262 901 4307 cum
937 4241 1216 4309 caeteris
1261 4239 1445 4309 libris
1467 4291 1488 4325 ‚
1541 4238 1666 4308 sed
1700 4238 1866 4306 nihil
1905 4239 2127 4307 obstat
2166 4238 2328 4328 quin
2365 4247 2680 4329 servetur,

469 4344 631 4434 quia
663 4343 753 4411 ad
782 4344 924 4412 sola
951 4344 1161 4413 verba
1186 4339 1369 4438 μηδ’
1409 4341 1501 4415 ἄν
1533 4340 1722 4414 ἄκων
1744 4343 2057 4435 pertinet.
2165 4341 2527 4411 Caeterum
2560 4366 2685 4410 ne·-

473 4448 615 4517 scio
653 4471 741 4518 an
780 4472 866 4518 eo
918 4451 1073 4519 loco
1116 4456 1417 4542 praestet
1463 4447 1839 4544 περιπέσοι
1881 4447 2118 4532 scribi,
2183 4445 2321 4514 sive
2380 4444 2685 4532 addatur,
