3284 5159
1168 531 1173 534 ,
1251 453 1427 520 Lm.
1474 452 1519 516 1.
1606 453 1805 516 ωε.
1848 456 1951 520 12.
2610 459 2693 523 οι

467 640 636 710 illud
681 649 907 709 autem
950 635 1139 729 quod
1172 664 1245 734 p.
1287 638 1411 717 55.
1443 667 1529 713 ex
1562 642 1789 737 Iphig.
1835 644 1906 712 in
1951 643 2102 713 Aul.
2147 641 2318 712 944.
2352 649 2693 766 apposuit,

466 747 670 837 plane
701 767 835 813 non
861 745 1198 835 pertinere
1244 745 1337 814 ad
1378 747 1806 816 omissionem
1842 746 2215 842 particulae
2230 796 2250 835 ‚
2302 749 2462 839 quia
2501 752 2693 843 quod

469 847 768 917 Achilles
802 846 1000 935 dicit,

676 1010 816 1111 ἐγω
865 1011 1200 1097 κάκιστος
1252 1013 1341 1115 ἦν
1395 1015 1523 1116 ἄρ’
1578 1013 1929 1116 Ἀργείων
1981 1014 2209 1118 ἁνήρ,

678 1113 816 1211 ἐγω
866 1148 955 1193 το
1003 1122 1268 1218 μηδέν,
1321 1124 1702 1202 ,Μενέλεως
1754 1118 1829 1195 δ’
1882 1129 1959 1197 ἐν
2011 1117 2405 1246 οἷνδροῖσιν,

678 1249 768 1302 ως
821 1222 983 1312 ου’χὶ
1046 1225 1370 1317 IInZe'Moc
1427 1219 1590 1298 ἀλλ’
1644 1218 2046 1322 ἀλάστορος
2096 1218 2357 1320 γεγώς,

678 1326 880 1422 εἴπερ
932 1319 1230 1424 φονεύει
1279 1320 1564 1419 τούμον
1617 1325 1855 1420 ὄνομα
1910 1329 2013 1423 σῷ
2062 1322 2295 1401 πόσει.

469 1494 663 1563 hunc
688 1517 955 1563 sensum
1000 1494 1244 1564 habett
1310 1519 1426 1564 me
1469 1519 1659 1591 ergo
1699 1495 2027 1592 infimum
2073 1496 2566 1591 Argivorum,
2618 1508 2692 1571 et

414 1688 422 1694 ν
469 1598 670 1666 nullo
705 1598 866 1667 loco
901 1596 1351 1681 habendum,
1407 1599 1832 1670 Menelaum
1882 1609 2126 1670 autem
2164 1602 2406 1671 virum
2446 1610 2692 1695 puta-

394 1731 400 1746 ·
472 1699 602 1771 bat
649 1700 1203 1795 Agamemnon,
1273 1701 1338 1771 si
1377 1726 1535 1772 meo
1565 1704 1848 1772 nomine
1895 1706 2002 1772 ad
2054 1705 2359 1773 caedem
2384 1704 2693 1797 facien-

472 1805 653 1873 dam
702 1803 1048 1874 abutitur.
1130 1806 1512 1896 Dionysius
1557 1830 1724 1875 vero
1770 1807 1927 1876 Hal.
1978 1808 2045 1875 in
2090 1816 2233 1876 arte
2284 1807 2456 1875 rhet.
2514 1831 2572 1878 c.
2619 1808 2690 1877 4.

472 1931 544 1999 p.
579 1905 752 1993 247,
798 1906 868 1991 9.
898 1908 1003 1981 ed.
1037 1907 1271 1977 Reisk.
1307 1908 1400 1976 ad
1424 1932 1627 1999 quem
1661 1910 1888 1977 Ιοοιιιιι
1916 1908 2029 1976 illa
2060 1909 2401 1978 adnotavit
2424 1910 2691 1980 Schae-

471 2011 691 2097 ferus,
761 2034 969 2100 quum
1009 2011 1275 2103 scripsit
1322 2007 1409 2108 ἦν
1458 2013 1595 2105 μὲν
1637 2007 1770 2085 οὖν
1813 2009 1932 2083 καὶ
1974 2038 2170 2109 παρα
2212 2017 2528 2107 Σαπφοῖ
2564 2014 2692 2110 τῆς

473 2115 662 2192 ἰδέας
685 2106 949 2208 ταύτης
977 2114 1575 2211 παραδείγματα,
1619 2137 1756 2183 ιιοιι
1803 2125 1905 2183 est
1948 2114 2023 2182 id
2062 2124 2247 2184 recte
2281 2114 2692 2186 Schaeferus

470 2216 561 2283 sic
609 2216 1113 2307 interpretatus:
1188 2238 1449 2310 posses
1514 2218 1805 2308 quidem
1880 2217 2104 2288 etiam
2150 2217 2223 2286 ιἰι
2281 2216 2688 2313 Sapphicis

471 2309 805 2412 exempla
838 2319 1048 2389 Ιιιιιιιε
1057 2318 1370 2411 formae
1399 2321 1745 2413 reperire.
1820 2323 1999 2390 Nam
2029 2330 2098 2390 et
2126 2318 2386 2417 εὑρεῖν,
2442 2323 2496 2391 si
2522 2322 2693 2391 illud

367 2507 371 2514 ὁ
470 2421 785 2490 voluisset
814 2423 1130 2515 scriptor,
1184 2422 1439 2492 addere
1469 2423 1844 2514 debuisset,
1889 2446 2027 2495 ιιεο
2048 2446 2348 2518 possea,
2400 2424 2524 2495 sed
2545 2447 2694 2520 po-

368 2597 377 2607 „
473 2534 678 2594 teras
723 2526 893 2593 verti
934 2528 1332 2618 oportebat,
1386 2528 1544 2616 quia
1583 2550 1721 2595 ιιοιι
1763 2527 1921 2596 licet
1968 2549 2357 2622 opponere,
2425 2536 2510 2599 at
2546 2551 2694 2600 non

462 2636 676 2721 potes
729 2627 1065 2698 invenire.
1169 2632 1388 2698 Recte
1420 2639 1582 2698 vero
1618 2632 1936 2720 loquutus
1984 2640 2086 2699 est
2120 2631 2502 2721 DionysiuS,
2553 2631 2692 2702 hoc

469 2732 734 2799 volens:
775 2731 847 2798 in
865 2742 1218 2825 promptu
1250 2742 1468 2802 erant
1498 2733 1933 2827 exemplam
1960 2731 2384 2827 sapphicis,
2436 2733 2692 2827 quibus

471 2833 578 2902 uti
607 2842 998 2927 poteram.-
1060 2837 1196 2906 sed
1228 2835 1397 2905 nolo
1440 2835 1531 2907 iis
1577 2835 1704 2905 uti.
1807 2835 1955 2906 Sed
1995 2838 2169 2904 satis.
2271 2835 2462 2905 Nihil
2513 2837 2691 2907 enim

471 2958 646 3027 opus
679 2939 998 3029 exemplis
1016 2986 1038 3025 ‚
1091 2961 1266 3029 quae
1300 2937 1446 3029 quis
1485 2961 1570 3008 ex
1600 2937 1836 3029 quovis
1866 2938 2194 3034 scriptore
2223 2939 2491 3008 millena
2519 2962 2693 3034 pos-

472 3039 555 3107 sit
587 3040 925 3131 colligere.

674 3142 872 3210 Talia
913 3144 1142 3236 potius
1185 3141 1432 3214 afferre
1482 3166 1735 3235 operae
1772 3145 2066 3237 pretium
2104 3149 2244 3231 est,
2322 3143 2392 3212 in
2448 3143 2693 3236 quibus

472 3243 775 3312 additum
806 3246 890 3314 sit
917 3244 1038 3336 ἄν,
1093 3247 1412 3338 quoniam
1445 3245 1533 3316 de
1565 3270 1649 3315 ea
1680 3270 1756 3316 re
1785 3247 2061 3337 quidam
2095 3244 2501 3316 dubitarunt.
2565 3246 2692 3316 Est

472 3347 648 3416 enim
685 3348 887 3416 etiam
928 3349 1054 3419 illis
1105 3349 1324 3419 verbis
1343 3400 1364 3436 ‚
1407 3373 1583 3440 quae
1625 3351 2030 3442 plerumque
2075 3358 2307 3417 carent
2337 3349 2692 3441 particula,

469 3451 845 3520 necessario
897 3451 1247 3537 addenda,
1311 3453 1444 3548 ubi„
1478 3453 1879 3522 contrarium
1916 3454 2182 3521 illorum
2226 3453 2587 3522 verborum
2622 3454 2693 3522 in

425 3619 429 3623 .
469 3561 694 3621 mente
715 3553 1063 3625 habemus.
1166 3555 1496 3646 Incipiam
1524 3556 1611 3623 ab
1642 3555 1887 3649 insigni
1916 3555 2007 3624 ad
2044 3577 2194 3625 rem
2220 3554 2692 3625 demonstran-

473 3655 632 3723 dam
669 3657 824 3725 loco
874 3657 1347 3727 Demosthenis
1397 3659 1467 3726 in
1520 3656 1697 3733 Mid.
1744 3654 2053 3753 p.525‚
2140 3653 2261 3726 15.
2316 3660 2388 3732 εἰ
2438 3657 2691 3732 τοίνυν

472 3754 754 3882 ἀπέχρη
780 3786 952 3842 τους
992 3767 1145 3843 τοῖς
1181 3759 1607 3842 Διονυσιοις
1629 3790 1710 3835 τι
1738 3764 2134 3842 ποιοῦντας
2161 3754 2356 3834 ιιατοῖ
2381 3754 2691 3843 τούτους

469 3887 640 3940 τους
666 3855 936 3953 νόμους
963 3862 1165 3983 de'afnv
1205 3858 1532 3953 διδόναι,
1587 3861 1877 3937 οὐδέν’
1828 3892 1919 3937 αν
1942 3864 2269 3958 προςέδει
2297 3861 2519 3936 τοῦδε
2550 3862 2692 3937 τοῦ

471 3955 729 4053 νόμου.
784 3961 948 4039 ἀλλ
976 3962 1107 4040 otiu
1140 3960 1437 4085 ἀπέχρη.
1540 3966 1678 4035 Ηίε
1718 3968 1944 4036 omnia
1985 3989 2070 4037 ex
2099 3965 2480 4034 conditione
2510 3989 2692 4059 pen-

473 4063 670 4154 dent,
723 4075 794 4136 et
822 4077 1057 4161 aperte
1101 4068 1496 4161 oppositum
1526 4077 1666 4157 est,
1717 4063 1907 4145 cii-zoi
1945 4071 2238 4169 προςδεῖ
2266 4067 2408 4143 τοῦ
2436 4064 2689 4164 νόμου.

471 4166 855 4261 Sophocles
887 4169 1065 4242 Ocd.
1098 4170 1247 4243 001.
1282 4167 1508 4241 1365.

679 4341 751 4412 εἰ
797 4336 870 4413 δ’
922 4341 1228 4435 ἑξέφυσα
1280 4335 1492 4423 τᾶςδε
1536 4334 1648 4438 μῆ
1692 4336 1977 4437 μαυτῷ
2023 4364 2347 4463 τροφους

678 4434 810 4523 τοῖς
858 4445 1156 4535 παῖδας,
1207 4438 1257 4533 ἦ
1313 4471 1454 4518 ταν
1505 4440 1637 4518 ουιι
1690 4442 1783 4518 ἄν
1832 4438 1991 4535 ἦν,
2009 4469 2098 4517 το
2151 4469 2284 4517 σον
2333 4441 2571 4540 μέρος·
