3284 5159
1185 402 1359 506 ιη’.
1404 442 1509 504 111.
1601 443 1794 506 cst.
1839 445 1901 511 ο
2278 392 2283 399 ’
2527 428 2686 522 im.

440 627 793 717 exempla,
846 626 1035 718 quod
1073 627 1162 697 de
1189 629 1269 699 iis
1312 630 1503 700 aliter
1530 632 1776 703 sentire
1806 598 2008 705 video
2034 636 2445 732 Reisigium,
2495 643 2660 735 ipsis
2790 660 2796 677 ⁸

436 732 661 799 verbis
688 729 1084 803 adscribam.
1136 731 1324 802 Iliad.
1352 741 1425 828 β.
1461 733 1636 810 340.

541 888 621 956 ἐν
649 884 819 999 πυρᾷ
853 878 943 982 δή
963 883 1234 978 βουλαί
1256 914 1339 960 τε
1363 884 1701 981 γενοίατο
1730 882 1969 986 μήδεά
2004 888 2082 964 τ’
2114 888 2422 991 α’νδριὸν.
2473 902 2480 909 ’

438 1036 625 1126 quod
657 1039 770 1106 ille
809 1061 882 1130 p.
919 1037 1088 1107 134.
1125 1062 1252 1131 per
1279 1039 1821 1135 interrogationis
1859 1043 2153 1136 figuram
2184 1049 2655 1139 explicandum

438 1148 699 1210 censet:
753 1164 834 1209 ea
850 1164 989 1210 non
1018 1165 1194 1233 opus
1222 1167 1389 1225 esse,
1428 1145 1582 1213 satis
1610 1143 1862 1214 docent
1885 1157 2151 1216 caetera
2180 1173 2355 1240 quae
2388 1174 2651 1222 memo·-

435 1245 726 1317 ravimus
761 1246 1094 1337 exempla.
1199 1246 1294 1314 Et
1321 1246 1511 1318 Iliad.
1545 1273 1609 1318 v.
1642 1246 1848 1323 42&

1599 1393 1766 1473 οὐδ’
1800 1395 1928 1498 ἄρ’
1963 1401 2071 1475 ἔτι
2105 1393 2236 1497 δῆν

540 1491 887 1596 ἀλλήλους
919 1493 1378 1595 πτώσσοιμεν
1408 1494 1555 1575 α’νοῖ
1582 1504 1980 1598 πτολέμοιο
2012 1498 2345 1599 γεφύρας.

435 1651 625 1741 quod
651 1676 723 1744 p.
751 1651 922 1747 130.
975 1653 1202 1722 nescio
1236 1676 1375 1743 quo
1411 1655 1609 1746 lapsu
1638 1656 1909 1725 soloece
1938 1656 2193 1725 dictum
2222 1669 2437 1746 ratus,
2489 1660 2652 1730 fecit

433 1764 508 1822 ut
548 1778 632 1823 eo
666 1754 935 1824 nomine
971 1756 1607 1847 reprehendendum
1664 1758 1745 1826 sit
1780 1753 2223 1854 πτώσσωμιν
2267 1763 2647 1834 scribendo.

433 1856 582 1926 Sed
614 1855 750 1926 od.
784 1886 848 1956 η.
882 1857 1054 1927 314.
1085 1859 1542 1929 scribendum:

1180 1991 1381 2069 οἷκον
1412 1992 1500 2071 δέ
1520 1990 1593 2069 κ’
1621 1988 1760 2090 ἐγώ
1786 1980 1904 2070 καὶ
1932 1989 2268 2093 κτήματα
2303 1997 2548 2096 δοίην,

536 2091 685 2168 αἴτι’
716 2096 985 2171 ἐθέλων
1011 2123 1092 2191 γε
1131 2100 1395 2192 μένοις.

429 2249 660 2342 Vulgo
691 2249 768 2324 δὲ
797 2242 934 2343 ἔχω’
953 2272 971 2291 ·
1025 2242 1227 2320 codd.
1256 2245 1552 2319 nonnulli
1581 2251 1669 2324 δέ
1695 2245 1770 2322 τ’
1793 2204 1962 2343 ἔχω’.
2033 2249 2151 2319 Sic
2181 2232 2385 2322 etiam
2414 2251 2551 2323 od.
2582 2259 2642 2328 λ.

431 2351 605 2426 103.
643 2363 831 2421 recte
863 2353 1053 2424 Harl.
1092 2362 1160 2422 et
1188 2375 1356 2422 unus
1390 2352 2044 2424 vindobonensium:

534 2499 699 2580 ἀλλ’
726 2506 838 2579 ἔτι
867 2506 1005 2599 μέν
1036 2531 1116 2579 ιιι
1146 2503 1267 2579 καὶ
1300 2500 1416 2598 ὥς,
1470 2498 1655 2580 κακοί
1685 2532 1821 2602 περ
1859 2497 2285 2597 πάσχοντες..
2337 2511 2644 2582 ἵκοισθε.

425 2660 548 2729 ubi
572 2659 783 2751 vulgo
809 2656 947 2751 μέν
985 2686 1066 2750 γε
1104 2657 1223 2731 καὶ
1249 2656 1360 2739 ὥς.
1464 2658 1844 2729 Particulae
1875 2684 1953 2730 κε
1992 2656 2112 2730 καὶ
2141 2659 2405 2729 iunctae
2434 2664 2644 2752 repe-

426 2764 685 2831 riuntur
721 2762 920 2830 etiam
960 2762 1150 2843 alibi,
1207 2769 1300 2829 ut.
1330 2760 1408 2834 Il.
1457 2786 1519 2833 o.
1562 2758 1737 2832 235.
1791 2770 1847 2843 ξ.
1910 2759 2081 2834 131.
2130 2759 2301 2830 3Ίο.
2349 2789 2417 2856 ρ.
2466 2759 2638 2834 546.

430 2863 568 2937 od.
608 2871 679 2958 β.
724 2862 894 2932 332.
945 2893 994 2937 ι.
1025 2863 1196 2932 303.
1240 2863 1413 2932 334.
1461 2870 1530 2932 et
1562 2891 1683 2937 κεν
1713 2862 1835 2935 καὶ
1876 2864 1937 2935 λ.
1970 2861 2146 2937 339.
2248 2864 2382 2932 vel
2420 2888 2504 2934 ex
2536 2866 2639 2935 his

428 2989 770 3061 apparere
816 2975 986 3058 puto
1000 3017 1020 3051 ‚
1087 2967 1275 3058 quod
1318 2966 1661 3035 contendit
1705 2965 2040 3057 Reisigius
2085 2988 2160 3058 p.
2211 2964 2381 3035 123.
2427 2969 2640 3037 omitti

429 3070 560 3154 ἄν,
623 3069 741 3138 ubi
784 3070 953 3159 quid,
989 3069 1507 3162 hypotheticum
1555 3070 1649 3137 ita
1686 3078 2010 3160 ponatur,
2075 3078 2152 3135 ut
2198 3070 2286 3136 ab
2329 3070 2483 3162 ipso
2524 3073 2640 3161 qui

426 3174 721 3264 loquitur
770 3195 902 3240 non
948 3183 1132 3241 certa
1185 3173 1440 3241 ratione
1460 3222 1481 3258 ‚
1533 3171 1658 3240 sed
1714 3171 2010 3260 quodam
2063 3172 2403 3264 cogitandi
2451 3175 2638 3241 arbi-

424 3278 554 3345 trio
579 3277 663 3344 sit
688 3284 1060 3366 sumptum,
1111 3284 1185 3343 ut
1213 3283 1313 3343 est
1341 3275 1688 3345 obscurius
1722 3273 1972 3342 dictum
1990 3324 2011 3360 ,
2062 3274 2155 3342 ita
2185 3299 2272 3344 ne
2302 3276 2455 3344 satis
2483 3279 2638 3366 qui-

427 3379 586 3447 dem
616 3401 851 3446 verum
883 3401 1052 3446 esse.
1138 3378 1628 3470 Exemplorum
1657 3384 1902 3464 autem,
1953 3378 2196 3465 quibus
2228 3379 2454 3463 utitur,
2507 3381 2639 3447 alia

424 3491 608 3551 recte
639 3504 712 3549 se
737 3481 1012 3566 habent,
1060 3481 1128 3548 in
1158 3481 1397 3571 quibus
1424 3479 1812 3572 opinionem
1838 3480 2084 3547 indicat
2112 3481 2468 3572 optativus,
2507 3484 2637 3550 alia

423 3584 535 3652 vel
567 3585 940 3675 optativum
968 3586 1256 3673 optantis
1287 3583 1543 3651 habent
1564 3632 1585 3671 ,
1639 3583 1748 3651 vel
1777 3583 1937 3650 alias
1975 3584 2066 3650 ob
2094 3606 2355 3652 caussas
2390 3584 2476 3652 ab
2503 3584 2635 3654 hnc

425 3687 871 3779 disputatione
906 3685 1317 3763 removenda
1346 3693 1518 3758 sunt.
1618 3687 1714 3755 Et
1746 3685 1859 3752 illa
1897 3685 2203 3773 quidem,
2258 3709 2435 3775 quae
2479 3688 2631 3780 opi-

423 3791 694 3858 nionem
722 3790 1128 3882 significant,
1179 3788 1351 3858 haec
1381 3796 1554 3856 sunt.
1658 3788 2004 3880 Aristoph.
2042 3789 2171 3879 Eq.
2211 3785 2428 3858 1057.

527 3921 687 4000 ἀλλ’
716 3921 843 3998 οὐκ
877 3923 968 3997 ἄν
997 3925 1403 4016 μαχέσαιτο
1426 3942 1444 3960 ’
1499 3924 1795 4015 χέσαιτο
1828 3917 2003 4020 γάρ,
2061 3925 2132 3996 εἰ
2148 3924 2576 4018 μαχέσαιτο.

420 4062 616 4131 Pind.
670 4059 785 4135 Ol.
826 4062 944 4130 llI.
982 4059 1106 4135 81.
1154 4052 1384 4141 κεινός
1431 4062 1602 4158 εἴην.
1706 4061 1885 4130 Nam
1934 4065 2161 4141 κεῖνος
2206 4062 2394 4158 οἴην,
2443 4061 2631 4150 quod

420 4165 759 4257 probabat
785 4163 1142 4256 Reisigius⁹
1192 4163 1265 4231 id
1306 4171 1382 4230 ut
1413 4163 1705 4255 optantis
1737 4171 1933 4251 esset,
1982 4160 2193 4231 hodie
2240 4163 2463 4255 ipsum
2496 4165 2632 4231 iam

419 4267 808 4360 improbare
853 4267 1080 4335 credo.
1135 4264 1250 4339 01.
1282 4265 1402 4337 xl.
1426 4267 1541 4335 fin.

836 4397 931 4477 τό
958 4395 1097 4499 yde
1129 4402 1394 4498 ἐμφυὲς
1421 4397 1588 4477 οὔτ’
1616 4404 1853 4475 αἴθων
1884 4392 2172 4497 dadan&

2154 4519 2217 4588 L
