3284 5159
1176 422 1182 430 ·
1238 427 1413 492 mn.
1459 425 1539 489 11.
1629 426 1820 490 cae.
1866 430 1966 492 lo.
2594 436 2724 501 115

484 615 890 788 ἷιὲἐιᾶἰιιιίοἰε
941 616 1275 709 capienda
1328 639 1402 710 p.
1451 613 1572 686 89.
1629 617 1715 686 Β.
1763 615 2153 710 legendum.
2259 617 2338 687 In
2390 619 2568 695 Oed.
2619 624 2709 699 R.

1728 871 1878 944 τῶν
1931 871 2008 946 δὲ
2059 873 2407 966 πημοναΐυ

687 968 1011 1069 μάλιστα
1065 970 1408 1064 λυποῦσ’,
1463 980 1552 1046 αἲ
1597 970 1881 1070 φανῶσ’
1933 970 2408 1072 αὐθαίρετοι,

483 1169 569 1214 ex
612 1145 874 1213 duobus
920 1144 1120 1212 codd.
1160 1144 1372 1213 edidit
1407 1145 1824 1230 ErfilrdtiuS‚
1877 1146 2117 1235 quibus
2154 1169 2371 1238 nuper
2404 1172 2702 1220 accesse-
2828 1154 2832 1162 ’

481 1256 639 1317 runt
653 1250 761 1316 alii
780 1248 949 1316 libri.
998 1248 1225 1341 Vulgo
1252 1247 1442 1337 αὶ““ν,
1461 1249 1724 1316 insolita
1737 1247 2013 1337 quidem
2030 1250 2220 1335 crasi,
2252 1251 2373 1319 sed
2389 1275 2562 1342 quae
2580 1278 2703 1323 ve-

480 1353 598 1420 lim
634 1351 1061 1420 defensorem
1080 1351 1388 1420 inveniat.
1492 1351 1780 1420 Admisit
1797 1374 1949 1419 eam
1979 1351 2068 1424 ἄν
2085 1353 2378 1421 scribens
2407 1355 2493 1441 G.
2529 1358 2702 1425 Din-

482 1456 657 1523 dorf.
762 1457 981 1524 Recte
1005 1456 1301 1546 positum
1331 1461 1429 1540 αἴ,
1468 1454 1524 1523 si
1552 1454 1778 1523 dicere
1821 1455 2054 1543 voluit,
2110 1479 2200 1523 ea
2233 1458 2457 1543 mala,
2514 1481 2704 1551 quae

396 1616 401 1621 .
480 1559 680 1628 ultro
728 1567 1118 1627 contracta
1139 1556 1473 1651 suerint,
1520 1566 1596 1625 ut
1629 1558 1815 1650 apud
1850 1559 2249 1650 Euripidem
2284 1558 2478 1633 Med.
2522 1558 2696 1631 516.

688 1757 742 1801 ω
797 1727 979 1813 Ζεῦ,
1031 1726 1110 1800 τί
1160 1721 1251 1824 δη
1292 1725 1569 1823 χρυσοῦ
1617 1725 1757 1822 μὲν
1811 1723 1888 1809 ὃς
1936 1723 2271 1824 κιβδηλός
2319 1726 2404 1827 ᾖ,

686 1825 1027 1928 τεκμήρι
1080 1824 1584 1927 οἷνθρωποισιν
1639 1855 1930 1912 ωπασας
1981 1831 2198 1927 σαφῆ.

480 2001 625 2072 Sed
670 2025 809 2070 non
847 2001 1075 2093 inepte
1116 2009 1343 2069 tamen
1385 1999 1755 2068 addidisset
1787 1997 1912 2074 ἄν,
1972 1999 2160 2089 quod
2202 2010 2414 2088 esset,
2478 2003 2694 2095 quid-

482 2105 660 2199 quid
688 2105 872 2174 mali
894 2105 1091 2174 'ultro
1128 2103 1287 2196 quis
1319 2103 1456 2173 siba·
1487 2102 1966 2173 contraxerit.
2045 2104 2392 2194 Plerisque
2422 2105 2492 2201 in
2525 2107 2693 2176 locis

476 2210 892 2301 tragicorum
913 2258 934 2296 ‚
987 2208 1104 2275 ubi
1144 2208 1462 2276 omissum
1507 2216 1608 2276 est
1639 2204 1731 2278 ἄν
1748 2260 1776 2294 ,
1822 2206 2149 2274 facile-ex
2193 2207 2329 2294 his,
2378 2232 2555 2299 quae
2586 2210 2694 2278 di-

476 2313 689 2380 ximus
712 2365 732 2402 ,
787 2334 1020 2380 caussa
1050 2311 1418 2379 omissionis
1464 2309 1784 2402 cognosci
1818 2308 2107 2401 poterit,
2160 2310 2282 2378 etsi
2324 2335 2564 2403 saepe,
2616 2337 2694 2383 re

476 2417 709 2508 paullo
761 2416 951 2483 aliter
994 2415 1288 2506 cogitata
1304 2464 1325 2501 ‚
1378 2414 1577 2481 etiam
1625 2415 1813 2480 locus
1858 2421 1959 2481 est
2017 2414 2406 2503 particulae.
2512 2416 2691 2486 Vide

477 2518 696 2610 Soph.
735 2515 912 2587 Oed.
965 2516 1046 2587 C.
1099 2513 1270 2586 395.
1323 2517 1558 2609 Eurip.
1602 2516 1887 2608 Hippol.
1937 2512 2110 2583 527.
2158 2515 2377 2584 1274.
2432 2528 2500 2586 et
2536 2542 2693 2588 cum

441 2640 447 2644 '
479 2619 665 2704 ὅςτις
698 2621 919 2714 Soph.
950 2621 1200 2689 Trach.
1235 2618 1456 2691 1⁰⁰8.
1507 2620 1742 2709 Eurip.
1780 2620 1994 2710 Hipp.
2029 2618 2202 2688 427.
2234 2620 2382 2689 Alc.
2415 2620 2536 2695 Π.
2571 2623 2693 2691 ubi

475 2746 538 2792 V.
568 2724 810 2793 Monk.
843 2722 1017 2792 981.
1068 2723 1394 2791 Androm.
1427 2721 1601 2794 179.
1632 2721 1751 2790 ubi
1781 2720 2001 2790 editur
2031 2723 2231 2795 θέλει
2250 2776 2278 2810 ,
2332 2724 2520 2813 quod
2559 2724 2691 2793 ha-

476 2827 596 2895 bet
631 2828 831 2895 etiam
872 2826 1150 2896 Stobaei
1187 2827 1406 2895 codex
1434 2826 1518 2894 A.
1552 2825 1768 2894 Serm.
1796 2824 2111 2898 LXXIV.
2149 2823 2265 2892 19.
2295 2849 2451 2893 nam
2479 2829 2690 2919 vulgo

477 2930 664 3021 apud
695 2931 1068 2999 Stobaeum
1099 2931 1297 3026 θέλῃ.
1343 2928 1498 3020 lph.
1530 2929 1740 3000 Taur.
1796 2924 2015 3000 1⁰64.
2061 2927 2203 2994 Ion.
2238 2922 2412 3000 856.
2452 2929 2689 2998 Belle-

473 3033 675 3125 roph.
708 3033 792 3102 fr.
824 3031 960 3101 .16.
1065 3031 1209 3101 Sed
1240 3034 1311 3101 in
1342 3031 1600 3124 Dictyis
1637 3031 1722 3099 fr.
1761 3028 1880 3098 13.
1923 3029 2396 3122 reponendum
2423 3026 2689 3101 videtur

476 3130 584 3232 ἦν.
668 3136 1104 3228 Aeschylus
1083 3159 1153 3204 m
1199 3140 1451 3218 Τοξοτ.

620 3350 625 3363 ·
680 3306 841 3387 νέας
891 3331 1225 3400 γυναικος
1277 3301 1369 3378 οὔ
1417 3332 1512 3396 με
1562 3297 1671 3424 μή
1721 3295 1915 3398 λάθῃ
1970 3302 2248 3397 φλέγων

682 3401 1096 3505 ὀφθαλμός,
1150 3404 1307 3505 ἥτις
1358 3399 1619 3504 ἁνδρός
1667 3401 1716 3503 ᾔ
1764 3405 2163 3501 γεγευμένη.

472 3580 653 3648 Nam
677 3602 899 3670 neque
941 3603 1132 3672 quae
1143 3578 1397 3673 forte,
1446 3599 1672 3666 neque
1721 3595 2216 3667 quaecum-que
2249 3573 2478 3641 dicere
2519 3576 2684 3648 vult.

470 3683 737 3750 Eadem
770 3683 942 3751 ratio
982 3693 1082 3753 est
1125 3683 1325 3751 huius
1364 3681 1526 3749 dicti
1556 3679 1744 3771 apud
1778 3678 2121 3751 Plutarch.
2159 3678 2248 3746 de
2290 3675 2450 3783 aud.
2498 3686 2684 3769 poet.

468 3784 826 3877 Ρ.33..Ε

591 4026 594 4028 Ὺ
676 3930 842 4011 τόδ’
898 3937 1050 4010 ἐστὶ
1101 3966 1188 4010 το
1244 3930 1553 4057 ζηλωτον
1603 3927 2045 4058 ανθρὥοις,
2114 3929 2260 4027 ὅτῳ

677 4034 894 4124 τόξον
943 4039 1295 4139 μερίμνης
1349 4043 1537 4122 εἱςο
1595 4031 1946 4132 βούλεται
1998 4037 2210 4130 πέση·

469 4207 855 4330 Sophocles
900 4212 1070 4302 Tyr.
1114 4211 1197 4279 fr.
1233 4206 1354 4279 15.
1400 4233 1512 4302 ap.
1557 4208 1816 4277 Aelian.
1861 4204 1949 4272 de
1990 4194 2077 4271 N.
2120 4202 2343 4274 Anim.
2395 4202 2517 4275 XI.
2563 4199 2681 4269 18.

469 4314 656 4382 cuius
687 4315 1083 4406 fragmenti,
1138 4315 1324 4404 quod
1359 4316 1587 4407 plures
1625 4313 1749 4380 viri
1775 4309 1961 4378 docti
1984 4315 2351 4392 tentarunt,
2403 4305 2589 4373 novis
2594 4305 2679 4371 si-

467 4440 578 4485 me
621 4427 845 4485 autem
879 4417 991 4486 Fr.
1021 4419 1359 4487 Iacobsius
1376 4467 1396 4502 ‚
1447 4417 1657 4510 patris
1691 4412 2105 4508 cognominis
2148 4410 2319 4478 filius
2337 4460 2357 4497 ‚
2410 4408 2500 4475 ad
2541 4408 2686 4475 Xe-

2102 4530 2174 4596 H
2229 4525 2277 4594 2
