3284 5159
636 438 763 501 114
958 522 967 538 ,
1324 431 1440 495 DE
1487 431 2047 496 PARTIGVLA
2090 429 2188 498 ἄν

840 613 1266 717 ἑςοριόμινοι
1296 621 1582 717 τροφᾶς
1611 649 1696 719 κη
1716 668 1764 679 -

840 725 1206 815 δομένους,
1257 720 1396 818 ‹iep'
1427 721 1526 796 ὧν
1556 751 1639 798 τε
1676 724 2033 818 βλάστω-

841 852 998 914 σιν,
1053 821 1189 919 ἀφ’
1221 822 1321 898 οἷν
1353 823 1434 898 ’τ’
1462 825 1722 900 ὄνασιν
1752 825 1997 923 εὕρω-

844 954 914 1000 σι
935 978 957 1018 ,
1009 923 1183 1002 τάδ’
1217 927 1347 1018 οὐκ
1379 925 1495 1002 ἐπ’
1529 932 1688 1012 ἴσας
1714 929 2069 1021 τελοῦμεν
2086 960 2113 1023 ,-

476 1120 491 1135 ·
618 1102 775 1188 vQui
804 1109 879 1170 ut
911 1097 982 1166 in
1011 1098 1239 1191 priore
1267 1099 1425 1167 loco
1451 1099 1682 1169 (licere
1715 1103 2015 1193 potuerit
2047 1097 2145 1173 ὦν
2178 1097 2292 1187 ἄν,
2347 1100 2505 1190 quia
2537 1102 2867 1171 incertum

636 1213 770 1291 cst,
821 1225 992 1294 quos
1033 1202 1180 1293 quis
1224 1211 1294 1270 et
1333 1204 1560 1293 quales
1609 1212 1679 1272 et
1726 1227 1929 1293 quam
1964 1205 2210 1273 multos
2242 1214 2559 1294 procreet
2591 1207 2865 1292 liberos,

634 1318 880 1394 tamen,
932 1305 1090 1395 quia
1116 1327 1251 1373 non
1276 1306 1467 1394 illud,
1521 1307 1644 1374 sed
1669 1307 1820 1392 hos,
1862 1308 1979 1398 qui
2006 1316 2154 1375 sunt
2178 1309 2515 1400 prognati,
2570 1311 2865 1401 spectari

635 1412 879 1496 voluit,
944 1416 1129 1476 recte
1189 1409 1412 1477 omisit
1473 1411 1899 1501 particulam.
2003 1411 2082 1478 In
2140 1413 2353 1478 altero
2415 1421 2641 1480 autem
2704 1414 2865 1481 loco

634 1515 838 1607 plane
868 1513 1102 1603 inepta
1128 1511 1340 1599 foret,
1398 1513 1556 1603 quia
1583 1513 1697 1581 hic
1739 1514 2011 1582 definite
2050 1515 2362 1582 dicuntur
2399 1515 2444 1581 ii
2460 1566 2480 1601 ‚
2534 1538 2576 1582 a
2616 1516 2863 1606 quibus

637 1619 782 1707 quis
813 1616 1077 1709 genitus
1117 1622 1322 1706 atque
1366 1616 1690 1685 educatus
1721 1618 1834 1705 sit,
1884 1606 2018 1686 non
2044 1620 2490 1709 quicumque,
2545 1642 2586 1685 a
2616 1619 2862 1709 quibus

634 1721 931 1813 potuerit
965 1718 1295 1812 originem
1331 1718 1605 1793 ducere.
1713 1722 1830 1790 Sic
1855 1722 2053 1789 etiam
2080 1722 2149 1789 in
2182 1721 2438 1793 Trach.
2468 1716 2637 1792 251.

1465 1890 1607 1964 τοῦ
1641 1880 1859 1983 λόγου
1894 1887 1970 1964 δ’
2010 1887 2100 1963 οὐ
2129 1883 2271 1987 χρῆ
2302 1885 2633 1985 φθόνον,

840 1984 1022 2087 γυνή
1031 2044 1060 2079 ,
1114 1997 1529 2089 novesium,
1586 1988 1842 2075 Ζευς”
1797 2020 1977 2067 οτου
2008 1989 2349 2091 πράκτωρ
2384 1995 2600 2091 φανῇ.
2747 2004 2754 2010 ’

634 2162 760 2230 Est
791 2160 970 2229 enim
1012 2181 1150 2229 non
1196 2159 1284 2229 de
1323 2162 1595 2252 quavis»,
1651 2163 1773 2230 sed
1806 2161 1893 2232 de
1937 2170 2121 2230 certa
2156 2185 2230 2229 re
2276 2184 2498 2231 sermo
2518 2212 2539 2248 ,
2595 2164 2682 2234 de
2711 2189 2860 2234 ser-

635 2265 792 2333 vitio
820 2264 1130 2332 Herculis
1162 2262 1350 2356 apud
1387 2261 1799 2357 Omphalen.
1858 2265 2112 2336 Contra
2141 2265 2208 2333 in
2242 2262 2423 2338 Oed.
2457 2267 2548 2341 R.
2586 2263 2757 2337 580.

839 2428 948 2505 όῖν
981 2429 1027 2529 ᾖ
1054 2434 1419 2522 θέλουσα,
1472 2428 1701 2508 πάντ’
1739 2434 1928 2527 ἐμοῦ
1952 2433 2393 2527 κομίζεται,“

636 2625 771 2671 non
818 2603 1044 2693 potuit
1091 2603 1308 2672 omitti
1345 2606 1677 2695 particula
1694 2582 1721 2674 τ’
1778 2627 1915 2674 non
1957 2603 2138 2673 enim
2178 2603 2375 2693 dicit,
2448 2608 2691 2676 omnia
2739 2578 2856 2700 οᾶ,

637 2728 828 2800 quae
860 2706 1213 2794 voluerit,
1268 2731 1317 2778 a
1350 2730 1464 2777 me
1496 2709 1885 2805 impetrat,
1939 2709 2097 2799 quia
2139 2729 2277 2776 non
2312 2707 2401 2776 de
2430 2732 2507 2778 re
2536 2714 2857 2805 quapiam

633 2818 820 2878 certa
864 2810 1151 2902 cogitat,
1203 2834 1409 2900 quam
1449 2822 1772 2904 rogatura
1831 2814 1917 2881 sit
1963 2812 2260 2897 Iocasta,
2314 2812 2439 2880 sed
2488 2813 2579 2883 de
2625 2836 2709 2884 eo
2725 2864 2749 2902 ,
2798 2817 2858 2885 si

635 2913 801 3004 quid
844 2923 1080 3006 roget,
1152 2914 1480 3004 quidquid
1537 2916 1634 2984 sit.
1742 2918 1850 2985 Ne
1900 2924 2161 3000 tamen,
2246 2917 2566 3003 quoniam
2621 2919 2734 2988 hic
2785 2928 2857 2989 et

633 3016 905 3086 multis
886 3039 957 3085 m
1001 3017 1318 3087 similibus
1366 3018 1531 3086 locis
1586 3018 1663 3100 ὂς
1711 3017 1802 3092 ἄν
1853 3028 2037 3088 recte
2072 3018 2352 3087 vertitur
2406 3020 2852 3115 quicumque,

631 3119 706 3188 id
746 3119 1001 3211 ubique
1039 3122 1134 3189 ita
1178 3144 1325 3190 esse
1370 3121 1811 3211 existimetur,
1870 3121 2232 3192 tenendum
2277 3130 2418 3206 est,
2473 3147 2680 3216 saepe
2716 3127 2856 3194 vim

502 3260 505 3261 ⁷
632 3222 829 3293 huius
866 3224 1234 3315 particulae
1262 3225 1452 3292 aliter
1491 3227 1774 3318 exprimi
1804 3226 2095 3295 debere·
2146 3234 2221 3295 ut
2252 3225 2322 3292 in
2344 3224 2708 3300 Ai.1085.

842 3393 961 3465 καὶ
1010 3388 1119 3491 μή
1170 3394 1532 3487 δοκῶμεν,
1594 3393 1901 3491 δρῶντες
1949 3392 2060 3467 ’ἄν
2112 3388 2487 3487 ἤδοόμεθα,

841 3492 971 3569 ουίι
1026 3493 1423 3572 αντιτίσειν
1475 3492 1692 3577 αὖθις
1742 3494 1855 3570 ὀἷν
1906 3491 2329 3591 λυποόμεθα.

492 3730 499 3740 .
631 3686 764 3736 nec
791 3675 1155 3759 putemus,
1187 3667 1564 3763 facientes
1608 3689 1800 3759 quae
1817 3665 2039 3761 sorte
2073 3667 2401 3737 iucunda
2421 3666 2645 3759 nobis
2681 3668 2851 3761 sint,

631 3793 774 3839 non
819 3793 976 3840 esse
1012 3795 1146 3841 nos
1176 3793 1664 3866 perpessuros
1699 3780 2005 3865 postea,
2062 3770 2477 3864 quaesorte
2510 3795 2656 3841 non
2705 3774 2854 3843 sint

633 3873 977 3943 iucunda.
1024 3876 1372 3944 simillima
1388 3875 1689 3945 eiusdem
1708 3884 1958 3966 poetae
1978 3876 2301 3944 sententia
2327 3884 2429 3944 est
2451 3876 2534 3944 fr.
2564 3877 2692 3946 inc.
2729 3876 2850 3949 14.

840 4049 1040 4138 φιλεῖ
1089 4047 1164 4119 δὲ
1217 4039 1486 4171 πολλήν
1537 4044 1865 4167 γλωσσαν
1917 4047 2157 4136 ἐκχέας
2205 4069 2452 4139 ματην

840 4173 1029 4221 ακων
1082 4141 1372 4251 ακούειν
1425 4146 1549 4230 οὓς
1599 4140 1776 4221 ἑκων
1830 4149 1991 4245 εἴπῃ
2044 4142 2315 4241 λόγους.

631 4316 788 4386 Νοιι
817 4318 995 4386 enim
1025 4317 1138 4386 hic
1173 4317 1531 4411 quidquid
1559 4317 1856 4407 dixerit,
1909 4319 2031 4388 sed
2057 4317 2252 4388 illa
2223 4296 2394 4410 epea
2426 4337 2613 4409 quae
2639 4314 2853 4386 dixe-

636 4418 735 4490 rit
761 4422 1040 4516 intelligi
1068 4421 1358 4493 volebat.
1457 4420 1573 4492 Sic
1600 4445 1685 4492 ex
1714 4422 2079 4493 Plutarcho
2117 4424 2187 4491 in
2232 4422 2407 4491 libro
2439 4420 2528 4490 de
2570 4420 2853 4490 utilitate
