3284 5159
1272 429 1445 495 Lm.
1488 432 1536 496 ι.
1627 431 1822 499 οΑΡ.
1863 438 1928 500 ο.
2629 409 2718 503 ao

488 625 905 723 νομοθέτης
916 652 946 717 ‚-
1008 624 1087 693 In
1136 622 1418 715 cratylo
1436 647 1512 717 p.
1544 624 1719 695 391.
1753 626 1837 695 B.
1875 626 2109 720 optimi
2145 626 2299 695 libri
2336 620 2434 699 αὖ
2460 648 2591 719 pro
2623 624 2717 699 ἀν

487 730 984 822 praebuerunt,
1036 751 1173 818 qua
1199 731 1567 798 mutatione
1599 732 1802 798 etiam
1825 730 2217 799 Andocides
2243 730 2332 799 de
2356 753 2533 820 pace
2561 752 2718 799 cum

488 833 900 905 Lacedaem.
941 831 1059 901 24.
1103 855 1177 923 p.
1213 827 1383 900 165.
1437 831 1646 923 (199.
1682 833 1953 926 Reisk.)
2003 834 2296 925 indiget:
2355 833 2512 901 vide
2536 828 2608 928 ὅ.
2641 832 2713 902 9.

487 936 930 1005 Demostheni
960 936 1150 1028 epist.
1179 933 1248 1001 2.
1277 959 1350 1027 p.
1385 934 1607 1024 1467,
1639 936 1708 1007 9.
1755 937 2004 1005 codicis
2036 959 2172 1028 ope
2202 935 2451 1004 menda
2481 959 2716 1004 exem-

486 1048 610 1130 pta
656 1048 792 1107 est:
855 1038 1019 1107 item
1067 1038 1404 1107 Andocidi
1441 1062 1513 1131 p.
1565 1037 1739 1107 126.
1792 1035 1862 1135 §.
1905 1037 2027 1108 86.
2096 1039 2214 1131 (p.
2244 1038 2366 1107 41.
2405 1039 2644 1108 Reisk.
2657 1040 2716 1130 ).

489 1144 662 1211 Sunt
709 1143 910 1210 etiam
952 1140 1139 1234 apud
1180 1141 1558 1212 Homerum
1596 1144 1917 1212 nonnulla
1944 1142 2364 1233 huiusmodi,
2425 1142 2715 1248 maxime

487 1245 558 1313 in
590 1243 940 1336 Odyssea.
990 1254 1068 1312 ut
1097 1272 1161 1338 y.
1188 1240 1363 1314 255.

691 1414 864 1513 ἦτοι
893 1414 1032 1508 μὲν
1064 1409 1236 1490 τόδε
1267 1411 1342 1488 κ’
1370 1413 1610 1499 αὐτός
1640 1413 1871 1507 ὀΐεαι,
1926 1445 2017 1499 ως
2042 1443 2164 1489 κεν
2197 1410 2505 1515 ἐτύχθη,

695 1522 767 1590 εἰ
787 1512 1041 1604 ζωοντ’
1066 1519 1506 1610 Αιγισθον’
1470 1520 1571 1594 evi
1594 1516 2020 1643 μεγάροισιν
2049 1521 2350 1611 ἔτετμεν

702 1616 1108 1720 Ἀτρείδης,
1159 1621 1585 1718 Τροιηηθεν
1550 1652 1718 1714 ιων,
1764 1616 2030 1707 ξανθος
2055 1623 2456 1703 Μενέλαος.

487 1794 667 1862 Nam
714 1794 864 1882 quis
920 1816 1055 1861 non
1114 1792 1347 1862 credat
1393 1787 1566 1867 τόδε
1612 1789 1688 1886 γ’
1731 1821 1950 1873 αυτος
1988 1815 2030 1860 a
2070 1801 2277 1884 poeta
2324 1792 2713 1885 profectum

489 1898 683 1965 esse?
735 1896 1167 1985 Quamquam
1195 1896 1331 1965 hoc
1362 1896 1640 1986 quidem
1677 1897 1892 1965 videri
1934 1904 2163 1987 potest
2198 1920 2327 1988 per
2363 1898 2713 1965 attractio-

486 2023 646 2068 nem
696 1999 1060 2089 quamdam
1124 1999 1231 2067 vel
1298 2001 1735 2068 mutationem
1794 2008 2162 2067 structurae
2220 1999 2473 2066 dictum
2541 2022 2711 2087 esse,

486 2103 680 2193 quasi
705 2103 989 2171 voluerit
1017 2102 1265 2188 dicere,
1317 2096 1490 2177 τόδε
1523 2098 1597 2175 κ’
1627 2095 1850 2184 αὐτός
1887 2098 2080 2175 ὀΐεαι
2106 2096 2329 2176 κακόν
2357 2102 2710 2196 γενέσθαι

485 2204 846 2301 Αἰγίσθῳ.
886 2205 981 2273 Et
1012 2233 1080 2277 α.
1108 2202 1281 2273 316.

693 2360 929 2457 δωρον
963 2356 1062 2450 δ’,
1106 2358 1273 2434 ὅττι
1300 2359 1385 2434 ιιέ
1406 2386 1539 2452 μοι
1573 2357 1828 2432 δουναι
1862 2354 2076 2451 φίλον
2107 2351 2289 2454 ητορ
2320 2351 2604 2452 ἀνοίγει,

695 2459 905 2544 αὖτις
933 2459 1391 2560 ἀνερχομένῳ
1426 2456 1734 2557 δόμεναι
1762 2454 2043 2535 οἶκόνδε
2071 2461 2446 2557 φέρεσθαι.

488 2617 727 2687 Scribe
758 2608 1017 2714 ἀνῶγη.
1063 2617 1148 2686 Β.
1179 2613 1303 2687 86.

1479 2788 1752 2870 ἐθέλεις
1782 2786 1869 2862 δέ
1889 2815 1967 2863 νε
1997 2784 2263 2880 μῶμον
2283 2778 2590 2880 ἀνάψαι.

489 2960 663 3031 Cod.
691 2958 881 3029 Harl.
913 2960 1196 3042 ἐθέλοις
1226 2959 1303 3034 δὲ
1333 2957 1476 3034 καί.
1577 2959 1780 3028 Vnde
1810 2957 2095 3028 Wolfius
2122 2958 2190 3024 in
2216 2964 2563 3049 postrema
2595 2952 2705 3023 ed.

488 3065 770 3238 ῗὰθέλὲοιις
805 3064 891 3138 δέ
919 3091 1035 3155 κε,
1084 3071 1313 3153 recte,
1365 3065 1419 3133 si
1459 3064 1728 3158 signum
1764 3058 2219 3156 interrogandi
2262 3058 2706 3152 apposuisset.

694 3336 830 3433 ἤδη
856 3336 995 3430 μὲν
1027 3338 1304 3412 πολέων
1332 3332 1544 3434 τάφῳ
1578 3333 1865 3435 ἀνδρων
1899 3329 2358 3434 ἀντεβόλησα

695 3435 983 3561 ἡρώων,
1028 3437 1155 3514 ὅτε
1185 3442 1304 3514 ιιέν
1329 3439 1502 3514 ποτ’
1536 3438 2059 3537 ἀποφθιμένου
2088 3436 2434 3534 βασιλῆος

696 3536 1090 3630 ζωννυνται
1121 3570 1198 3617 τι
1225 3544 1377 3618 νέοι
1404 3542 1521 3617 καὶ
1547 3538 2066 3619 ἐπεντύνονται
2093 3539 2353 3615 ἄεθλα.
2468 3578 2478 3588 -

488 3713 582 3782 Vt
628 3715 859 3782 monui
896 3715 963 3781 in
1003 3713 1161 3783 diss.
1210 3714 1262 3783 Ι.
1322 3713 1409 3783 de
1467 3715 1735 3809 leg-ibus
1794 3712 2199 3805 quibusdam
2256 3710 2705 3781 subtilioribus

490 3818 809 3885 sermonis
859 3817 1206 3886 Homerici
1244 3841 1317 3910 p.
1363 3818 1433 3887 7.
1483 3817 2058 3908 quemadmodum
2101 3816 2364 3903 Latine·
2394 3814 2528 3882 dici
2566 3836 2704 3881 non

487 3930 751 4011 potest,
802 3921 1047 3989 multos
1091 3921 1264 4009 vidi,
1317 3943 1534 4013 quum
1569 3920 1983 3994 certamina
2021 3918 2465 3990 instituerint
2505 3917 2725 3986 ἔπαιε-ι

487 4045 651 4112 nes,
693 4023 817 4092 sed
849 4022 1213 4092 dicendum
1242 4033 1343 4093 est
1381 4048 1600 4118 quum
1642 4025 2055 4111 instituunt,
2105 4023 2198 4090 ita
2240 4022 2441 4090 etiam
2478 4019 2704 4088 Grae-

491 4149 608 4194 cus
663 4149 884 4195 sermo
962 4150 1101 4195 non
1160 4126 1448 4195 admittit
1507 4128 1999 4197 coniunctivum
2068 4126 2136 4193 in
2192 4126 2309 4193 tali
2360 4124 2702 4192 sententia.

492 4230 701 4313 Quod
747 4230 804 4298 si
847 4230 961 4297 hic
1000 4252 1138 4300 non
1180 4231 1506 4300 mendosa
1550 4240 1655 4299 est
1695 4231 2027 4322 particula
2073 4226 2201 4319 ἄν,
2269 4228 2575 4320 suspicor
2613 4227 2742 4294 ita-

457 4344 639 4401 'esse
679 4334 1130 4404 coniunctivos
1156 4334 1634 4422 restituendos,
1685 4343 1763 4401 ut
1801 4334 1995 4401 simul
2037 4341 2104 4399 et
2133 4332 2280 4419 hic,
2334 4340 2403 4399 et
2452 4328 2589 4400 Od.
2644 4334 2704 4402 λ.

490 4432 664 4505 415.
700 4433 1200 4536 ,ἀντιβολήσας
1243 4438 1585 4510 scribatur.
1691 4438 1871 4507 Nam
1919 4446 2176 4508 veteres
2229 4433 2502 4526 quidam
2551 4432 2619 4500 h.
2658 4433 2699 4500 1.
