3284 5159
1113 449 1283 515 LIB.
1330 451 1380 513 1.
1469 449 1672 512 cAP.
1714 439 1821 515 lo.
1858 452 1959 516 11.
2586 452 2673 518 m

452 643 631 712 dicta
661 648 812 711 sunt
827 690 848 728 ‚
901 641 1059 733 quia
1087 642 1274 711 nulla
1303 651 1405 713 est
1444 642 1737 712 conditio
1767 665 1905 712 non
1941 641 2225 735 impleta
2250 642 2319 710 in
2349 641 2669 734 primaria

452 746 772 816 sententia
807 739 1047 819 δεινόν
1078 750 1296 820 ἐστιν.
1364 746 1521 814 Ηοσ
1559 756 1780 815 autem
1810 750 1879 819 εἰ
1901 738 2348 843 παρειχόμην
2382 743 2502 835 ἄν,
2554 747 2670 814 ubi

451 872 590 919 non
624 856 809 916 recte
857 872 898 916 a
946 848 1269 918 Bekkero
1305 872 1460 917 cum
1501 848 1767 918 duobus
1814 848 2027 917 codd:
2061 850 2377 917 omissum
2411 858 2515 917 est
2555 847 2680 929 (ἷίνΓ

450 947 818 1046 propterea
860 951 1113 1021 dictum
1162 961 1299 1042 est,
1352 953 1509 1043 qnia
1554 953 1902 1043 duplicem
1944 950 2155 1019 habet
2200 952 2670 1021 conditionem.

455 1055 709 1125 Sensus
749 1054 862 1122 hic
913 1064 1045 1124 est:
1113 1057 1393 1125 malum
1428 1078 1639 1146 vero,
1693 1055 1761 1126 si
1806 1054 2028 1124 iidem
2072 1063 2293 1124 testes
2317 1077 2469 1148 pro
2523 1055 2673 1126 illis

457 1166 810 1228 testantes
831 1157 1011 1254 fide
1040 1160 1255 1253 digni
1295 1167 1566 1241 essent,
1604 1181 1755 1253 pro
1805 1181 1920 1228 me
1962 1166 2207 1227 autem
2247 1159 2530 1227 nullam
2550 1158 2674 1254 fi-

459 1263 630 1331 dem
678 1259 1039 1332 habebunt
1048 1289 1074 1345 ,·
1149 1271 1252 1349 et,
1316 1263 1381 1332 si
1433 1263 1719 1332 omnino
1765 1284 1908 1330 non
1971 1257 2361 1357 affuissent
2430 1270 2675 1345 testes,

459 1389 603 1460 ego
650 1374 892 1435 autem
952 1365 1405 1436 exhibiturus
1438 1364 1796 1459 fuissem,
1861 1365 2015 1453 vel,
2088 1364 2209 1456 φιτ·
2262 1361 2675 1461 affuissent,

457 1490 603 1538 non
645 1468 1158 1557 exhibuissem,
1210 1470 1345 1539 sed
1370 1469 1594 1554 alios,
1649 1470 1975 1564 ipsorum
2015 1466 2226 1536 dicta
2253 1469 2431 1560 plus
2447 1467 2676 1564 fidei,

463 1591 683 1663 qua-m
726 1568 865 1638 mei
914 1577 1168 1657 testes,
1231 1571 1674 1643 habuissent.
1781 1571 1983 1642 Adde
2041 1570 2494 1640 conditionem
2540 1594 2682 1640 non

459 1673 805 1802 impletam
836 1624 1191 1764 principali
1233 1678 1633 1766 sententiae,
1688 1683 1758 1744 et
1792 1673 2051 1743 videbis
2080 1674 2173 1742 ita
2216 1674 2349 1743 dici
2389 1673 2680 1744 debere:

461 1776 706 1849 καίτοι
739 1769 977 1848 δεινόν
1020 1774 1112 1847 ἂν
1145 1771 1271 1873 ἦν,
1326 1776 1397 1847 εἰ
1419 1781 1492 1848 οἱ
1528 1775 1742 1850 αὐτοι
1769 1770 2133 1899 μάρτυρες
2160 1770 2452 1858 τούτοις
2481 1803 2678 1873 μαρ-

460 1878 851 2000 τυροῦντες
893 1877 1142 1950 πιστοὶ
1196 1874 1420 1975 ἦσαν,
1473 1877 1591 1951 καὶ
1647 1917 1738 1930 -
1798 1873 2082 1959 εἰκότως
2122 1885 2196 1952 οἱ
2236 1873 2520 1953 τούτων
2564 1875 2680 1954 λό-

463 2007 582 2076 γοι
623 1974 1050 2099 πιστότεροι
1094 1976 1279 2079 ἦσαν
1325 2008 1473 2053 των
1518 1979 1712 2072 ἐμῶν
1759 1974 2172 2078 μαρτύρων.
2276 1982 2457 2051 Ηίιιο
2497 1982 2679 2051 iudi-

466 2107 604 2152 can
619 2083 869 2175 potent
895 2083 983 2151 de
1013 2084 1167 2153 loco
1199 2083 1671 2153 Demosthenis
1704 2081 1792 2150 de
1827 2105 1962 2150 cor.
1956 2107 2066 2205 p.
2098 2082 2271 2172 260,
2323 2084 2390 2152 l.
2421 2084 2541 2157 καὶ
2573 2083 2683 2167 τίς

468 2183 596 2261 οὐκ
626 2185 719 2258 ἄν
758 2182 1139 2261 ἀπέκτεινε
1158 2214 1254 2279 με
1284 2185 1609 2276 δικαίως,
1664 2188 1738 2259 εἴ
1758 2213 1836 2258 τι
1879 2212 2027 2258 των
2069 2180 2546 2317 ὑπαρχόντων
2587 2187 2683 2286 τῇ

466 2283 677 2362 πόλει
741 2288 977 2363 καλῶν
1054 2283 1240 2386 λόγῳ
1315 2285 1549 2383 μόνον
1633 2282 2143 2378 καταισχύνειν
2220 2288 2685 2388 ἐπεχείρησας

469 2391 692 2463 Codd.
727 2391 1001 2482 quidam
1048 2391 1472 2490 ἐπεχείρησα
1514 2418 1626 2464 αν.
1732 2390 1877 2460 Sed
1915 2399 2099 2460 recte
2130 2392 2441 2461 omittunt
2468 2396 2686 2485 parti-

469 2495 691 2565 culam
728 2495 838 2564 alii
872 2495 1072 2565 codd.
1107 2505 1177 2565 et
1215 2494 1614 2566 Plutarchus
1660 2517 1732 2587 p.
1774 2490 1947 2564 542.
1985 2496 2070 2566 A.
2172 2495 2444 2565 Tertius
2488 2495 2694 2567 deni-.

468 2622 601 2692 que
628 2599 869 2670 modus
887 2651 907 2688 ,
958 2622 1096 2690 quo
1142 2599 1233 2673 ἄν
1272 2598 1574 2686 additur,
1617 2598 1673 2667 is
1712 2605 1844 2685 est,
1897 2620 2108 2689 quum
2148 2598 2219 2667 in
2259 2599 2561 2669 oratione
2600 2624 2687 2672 ex

468 2704 776 2796 pluribus
816 2704 1134 2772 membris
1195 2703 1603 2796 composita,
1669 2702 2040 2792 praecessit
2087 2704 2410 2771 sententia
2454 2725 2687 2774 carens

471 2806 853 2876 conditione
882 2829 1020 2875 non
1056 2807 1367 2899 impleta,
1418 2806 1577 2874 licet
1617 2802 1948 2873 eiusmodi
1977 2803 2270 2873 conditio
2301 2805 2371 2873 in
2413 2814 2686 2875 senten-

469 2910 561 2979 tia
599 2910 950 3003 principali
995 2910 1171 2978 insit.
1273 2911 1453 2979 Nam
1497 2931 1633 2976 non
1664 2917 1897 2999 posset
1934 2908 2246 2999 intelligi,
2301 2907 2391 2976 de
2435 2930 2513 2976 re
2548 2930 2688 2978 non

469 3036 666 3099 vera,
717 3012 838 3081 sed
883 3013 1179 3105 cogitata
1221 3034 1601 3082 sermonem
1648 3034 1828 3097 esse,
1898 3010 1953 3079 si
2004 3009 2484 3101 praecedentia
2540 3034 2688 3081 rem
2811 3079 2820 3084 .

472 3115 726 3185 factam
774 3116 1132 3186 continent.
1236 3114 1606 3185 Aeschines
1647 3113 2691 3206 c.'1”1march.p.1o7.(329.

472 3214 546 3315 §.
591 3214 713 3290 85.
748 3218 1006 3310 Bekk.)
1061 3213 1325 3292 οὐκοῦν
1367 3215 1650 3291 ἄτοπον
1688 3243 1780 3289 αν
1821 3218 1975 3313 εἴη,
2028 3211 2087 3288 ὦ
2128 3212 2599 3346 Ἀθηναῖοι,
2624 3220 2696 3292 εἰ

472 3320 694 3419 μηδὲν
734 3321 871 3413 μὲν
913 3320 1099 3412 ἐμοῦ
1109 3322 1511 3446 λέγοντοςῖ,
1574 3314 1787 3391 αὐτοὶ
1825 3317 2056 3414 βοατε
2093 3311 2229 3415 τήν
2275 3319 2691 3413 ἐπωνυμίαν

475 3451 621 3497 των
653 3424 878 3521 ἔργων
908 3451 1006 3495 ων
1041 3417 1330 3498 σύνιστε
1356 3416 1634 3518 τούτω,
1683 3421 1869 3514 ἐμοῦ
1896 3423 1973 3495 δὲ
2003 3421 2334 3515 λεγοντος
2362 3424 2690 3544 ἐπιλέλη-

477 3534 654 3616 obs·
706 3525 826 3599 καὶ
872 3519 979 3623 μή
1029 3528 1410 3650 γενομένης
1451 3526 1588 3617 μὲν
1620 3523 1927 3644 noioeane,
1950 3524 2117 3621 περι
2171 3523 2312 3597 τοῦ
2352 3518 2691 3621 πράγμα-

477 3654 628 3719 τος,
680 3626 825 3724 ἥλω
862 3658 981 3718 αν,
1034 3622 1415 3723 γεγονότος
1450 3629 1526 3701 δέ
1556 3629 1845 3721 ἐλέγχου
1879 3619 2411 3722 οἷποφεύξεταις
2459 3630 2690 3719 Aper-

475 3741 621 3800 tum
662 3740 797 3820 est,
848 3733 903 3801 si
938 3732 1051 3801 hic
1098 3732 1366 3801 abesset
1416 3757 1509 3804 αν
1520 3785 1550 3821 ,
1604 3753 1874 3801 sensnm
1905 3731 2107 3800 fore
2071 3780 2091 3819 ,
2142 3729 2211 3801 si
2253 3729 2377 3800 hic
2418 3753 2693 3802 caussa

480 3834 781 3925 cecidit,
830 3858 968 3905 non
983 3886 1003 3925 ‚
1054 3836 1121 3906 si
1149 3836 1556 3909 cecidisset.

1527 4041 1649 4110 xl.

724 4190 858 4262 De
900 4190 1239 4264 omissa
1278 4194 1802 4289 particula
1847 4192 1958 4266 ἄν
2007 4189 2452 4263 universe.

680 4345 761 4413 In
791 4346 1128 4415 communi
1157 4347 1556 4439 scriptorum
1578 4371 1706 4417 usu
1733 4348 1946 4419 multo
1976 4343 2244 4437 saepius
2279 4342 2520 4415 omissa
2534 4363 2700 4433 par-

480 4448 682 4518 ticula
710 4447 766 4522 οἳ
769 4477 807 4522 ν
849 4449 1334 4519 dubitationem
1359 4452 1672 4520 excitavit
1698 4453 1853 4521 viris
1890 4449 2134 4534 doctis,
2186 4469 2392 4539 quam
2420 4446 2703 4530 adiecta,
