3284 5159
1258 412 1555 475 LIB.11.
1641 412 1943 475 CARS.
2013 456 2020 463 ·
2224 476 2228 481 ,
2605 412 2766 481 105.

576 604 887 696 ἕλθων,
942 604 1130 687 ὅπως
1178 632 1271 677 αν
1320 597 1453 700 μή·
1481 594 2107 696 Κλυταιμνήστρα
2157 594 2336 677 τάδε

620 710 878 808 μοίθῃ,
929 708 1097 805 πρὶν
1136 705 1362 803 Αιδῃ
1414 701 1621 778 παῖδ’
1676 699 1856 801 ἐμήν
1907 705 2199 798 προςθῶ
2248 701 2507 798 λαβών.

517 859 1329 956 Aristoph.Ban.1281.
1383 881 1594 949 quum
1616 857 1967 939 Bacchus,
2018 857 2249 924 uolens
2278 858 2564 950 amplius
2604 881 2727 925 au-

506 960 664 1037 ¹dire
719 965 1153 1057 Euripidem,
1220 964 1555 1067 abiturum
1605 983 1679 1028 se
1730 959 1926 1042 dicit,
1995 959 2106 1026 ille
2154 959 2259 1027 his
2310 983 2465 1028 eum
2507 962 2727 1030 verbis

512 1094 787 1141 manere
827 1068 1046 1137 iubet:
1174 1082 1181 1090 “

619 1218 763 1320 μή,
810 1220 982 1318 πρίν
1032 1221 1108 1314 γ’
1163 1198 1468 1313 α’κούσῃς
1522 1211 1838 1312 χοῖτέραν
1892 1208 2149 1286 στοίσιν
2200 1213 2456 1302 μελῶν.

518 1397 663 1465 Iam
696 1396 872 1464 enim
903 1397 1284 1460 cantaturus
1320 1395 1443 1459 est.
1551 1386 1816 1454 Eccles.
1859 1381 2029 1457 750.

626 1562 713 1639 οὐ
764 1589 903 1660 γαρ
954 1554 1089 1634 τόν
1141 1554 1320 1650 ἐμόν
1369 1559 1639 1650 ἱδρωτα
1693 1556 1811 1628 καὶ
1866 1556 2252 1647 φειδωλίαν

627 1664 838 1740 οὐδὲν
887 1656 1068 1785 πρός
1119 1666 1285 1742 ἔπος
1332 1659 1556 1741 οὕτως
1601 1654 1918 1747 ανοήτως
1970 1653 2355 1750 αποβαλῶ,

623 1796 794 1865 πριν
846 1759 1277 1858 ἕκπυθωμαι
1329 1792 1475 1837 παν
1528 1755 1620 1837 vo*
1670 1755 1949 1860 πρᾶγμ’
2004 1757 2189 1843 ὅπως
2242 1763 2405 1852 ἔχει.

520 1921 786 1991 Ibidem
812 1944 874 1992 v.
904 1914 1078 1992 856.

919 2085 1026 2207 ,οὐ
1081 2083 1285 2183 δῆτ’,
1345 2083 1434 2181 ἦν
1476 2113 1519 2176 γ
1604 2081 1903 2165 ἐκείναις
1955 2083 2119 2195 νοῦς
2162 2086 2312 2181 ἐνῇ,

625 2191 796 2288 πρὶν
846 2186 1290 2286 καπενέγκῃς

521 2362 628 2430 lta
672 2359 1122 2433 scribendum.
1226 2358 1457 2451 Vulgo
1505 2353 1676 2453 πρίν
1719 2351 1793 2447 γ’
1849 2350 2246 2454 ἀπενέγκῃς.
2353 2356 2732 2431 Brunckius

525 2488 610 2535 ex
651 2486 790 2533 uno
831 2464 982 2533 cod.
1013 2467 1185 2558 πρίν
1225 2491 1268 2555 7
1342 2488 1432 2532 αν
1469 2455 1887 2555 ἀπενέγκῃς,
1939 2460 2278 2529 Porsouus
2313 2461 2485 2558 πριν
2513 2460 2605 2536 ἄν
2657 2461 2732 2559 γ’

525 2564 923 2666 ἀπενέγκῃς.
1027 2566 1109 2634 In
1142 2565 1384 2634 eadem
1411 2562 1639 2631 fabula
1669 2586 1733 2636 v.
1769 2559 1941 2629 628.

853 2731 1027 2810 κούκ
1078 2736 1360 2817 ἔξεσται
1411 2724 1614 2827 παροῖ
1647 2720 1859 2804 ’τοῖσι
1909 2736 2150 2812 καλοῖς
2200 2735 2692 2829 καταδαρθεῖν

625 2842 832 2911 ταῖσι
881 2837 1235 2932 γυναιξίν,
1303 2834 1472 2930 πρὶν
1523 2840 1676 2914 τοῖς
1722 2837 2039 2928 αἰσχροῖς
2079 2835 2199 2906 καὶ
2251 2840 2402 2915 τοῖς
2450 2842 2732 2933 μικροῖς

1769 2936 2233 3034 χαρίσωνται.

537 3086 1013 3182 Χαρίσασθαι
1045 3087 1159 3156 hic
1206 3086 1407 3157 scribi
1458 3088 1809 3156 voluerunt
1839 3087 2254 3179 Tyrwhittus
2270 3139 2291 3176 ‚
2344 3087 2581 3179 (quem
2618 3110 2729 3156 se·-

531 3193 756 3282 quitur
781 3194 1139 3278 Perseum,
1191 3192 1307 3282 qui
1342 3199 1534 3259 antea
1565 3197 1763 3262 ταῖσι
1790 3192 2091 3282 γυναιξί,
2144 3189 2313 3287 πρὶν
2350 3190 2440 3264 ἄν
2474 3230 2566 3241 -
2598 3217 2730 3280 χα-

521 3294 876 3415 ρίσωνται
906 3296 1319 3416 conjecerat,
1368 3305 1443 3361 ut
1466 3293 1675 3413 refert
1717 3293 2069 3413 Dobraeus
2098 3317 2169 3385 p.
2209 3293 2421 3415 2121.)
2466 3300 2536 3362 et
2560 3293 2731 3361 Rei-

530 3393 2016 3589 {ssffssii‘zqffiffisszfflismffjssfflffi
2032 3394 2731 3573 Qssffldeffizss

531 3603 852 3671 sententia
898 3612 1033 3689 est,
1081 3604 1152 3671 in
1190 3625 1325 3693 qua
1361 3603 1696 3669 Porsonus
1750 3610 1816 3670 et
1859 3603 2226 3695 Reisigius,
2281 3604 2554 3672 comicis
2598 3624 2733 3670 non

530 3704 792 3773 licuisse
824 3704 992 3800 πρὶν
1019 3707 1158 3774 sine
1191 3704 1283 3778 ἂν
1315 3728 1469 3772 cum
1497 3706 1917 3773 coniunctivo
1950 3707 2377 3799 coniungere.
2442 3705 2536 3773 Et
2566 3705 2734 3772 Rei·
2864 3776 2872 3782 ,

532 3806 735 3899 sigius
765 3806 1038 3898 quidem
1075 3809 1197 3876 etsi
1222 3807 1359 3875 hoc
1384 3807 1584 3876 valde
1616 3809 1994 3900 speciosum
2023 3808 2242 3898 affert,
2293 3810 2408 3900 qui
2435 3809 2734 3876 tenuiore

532 3910 682 3977 stilo
714 3919 1001 4005 utantur,
1049 3933 1188 3979 nou
1213 3912 1518 3978 omittere
1549 3908 1672 3987 ἄν,
1726 3912 1912 4001 quod
1938 3913 2014 3983 iis
2040 3921 2295 3980 tantum
2340 3933 2733 3980 concessum

533 4035 679 4080 esse
699 4065 719 4100 ‚
774 4036 1058 4103 quotum
1093 4013 1330 4081 elatior
1361 4015 1443 4081 sit
1475 4012 1687 4082 oratio
1705 4061 1726 4098 ‚
1779 4021 2004 4083 tamen
2046 4038 2179 4107 ego
2226 4025 2302 4084 ut
2342 4016 2530 4082 aliter
2576 4037 2732 4082 sen-

531 4114 728 4203 tiam,
780 4138 989 4204 quum
1028 4116 1340 4209 analogia
1383 4138 1663 4183 moveor
1702 4116 1982 4185 aliorum
2016 4119 2495 4186 vocabulorum
2525 4115 2613 4190 ἄν
2652 4140 2733 4186 ea

534 4240 672 4307 qua
714 4217 851 4285 dixi
902 4219 1281 4288 conditione
1321 4219 1801 4310 respuentium,
1851 4230 1996 4288 tum
2038 4224 2498 4314 exemplorum
2557 4243 2732 4309 quae

537 4321 959 4390 omissionem
1019 4322 1385 4414 particulae
1445 4330 1715 4390 tuentur
1764 4330 2016 4392 natura.
2120 4325 2362 4395 Verbis
2410 4322 2735 4393 simillima
