3284 5159
1286 378 1459 439 LIB.
1502 379 1606 441 lv.
1696 380 1888 440 CAP.
1933 383 1991 443 1.
2602 386 2727 448 1ἵῖ
2827 392 2834 395 ’

500 593 656 638 men
704 578 975 661 ageret,
1021 569 1169 659 qui,
1225 568 1437 636 sicubi
1474 568 1706 636 addita
1747 569 2115 662 reperitur,
2169 570 2388 638 statim
2429 570 2718 662 eiiceret,
2805 566 2816 573 ’

498 670 625 743 nec
666 682 1046 764 reputaret,
1096 694 1301 763 posse
1335 694 1484 740 eam
1522 673 1810 741 fortasse
1837 673 1967 740 alio
1998 672 2253 740 referri.
2361 674 2465 741 Ac
2494 675 2720 745 multis

497 778 568 845 id
596 776 814 844 modis
846 775 994 844 {ieri
1020 783 1264 867 potest.
1371 775 1451 842 In
1479 774 1629 865 ipso
1657 776 1773 861 illo
1806 774 2184 844 Phalaridis
2209 775 2366 845 loco
2401 799 2513 867 ep.
2545 776 2718 846 107.

497 902 708 970 quum
765 879 918 945 libri
972 875 1273 946 habeant
1321 876 1407 951 ὂν
1461 874 2110 969 α’νεπαχθέστατον
2146 917 2251 931 -
2294 881 2713 974 προςδέχου,

495 1006 632 1076 ego
685 981 962 1073 quidem
1004 1003 1137 1048 non
1175 981 1548 1049 tollendum
1599 980 1692 1053 οἷν
1734 991 2006 1073 putem,
2064 982 2187 1049 sed
2226 982 2615 1051 addendum
2651 985 2712 1052 ei

495 1110 619 1166 ωςε
672 1080 1006 1175 σώματος
1032 1084 1170 1208 μὲ]
1209 1111 1348 1179 γαρ
1377 1080 1790 1200 α’ῥρωστιάν
1823 1079 2218 1179 θεραπεύει
2256 1086 2504 1182 τέχνη·
2558 1108 2714 1179 ψυ-

493 1189 619 1282 χῆς
679 1189 756 1261 δὲ
802 1182 1020 1259 νόσον
1063 1185 1270 1258 ιάται
1317 1181 1685 1275 θάνατος,
1756 1184 1840 1258 ὃν
1885 1213 1976 1267 ως
2015 1185 2107 1258 ἄν
2159 1190 2715 1316 ἐπαχθέστατον

494 1288 660 1363 α’ντὶ
715 1287 997 1362 πολλῶν
1055 1288 1175 1360 καὶ
1231 1282 1568 1382 μεγάλων
1616 1281 2116 1387 οἷδιιιηματων,
2181 1286 2310 1362 οὐκ
2361 1287 2715 1363 α’κουσίων

492 1420 592 1465 ων
631 1391 796 1483 ἐμοὶ
843 1391 1346 1487 προςτρέπεις,
1402 1386 1565 1462 ἁλλ’
1596 1391 1936 1464 ἑκουσίων
1968 1389 2066 1464 ὦν
2096 1420 2315 1473 αυτος
2358 1395 2711 1485 εἴργασαι,

489 1497 903 1589 προςδέχου
953 1496 1288 1587 Apertum
1314 1502 1435 1577 est,
1476 1494 1571 1561 sic
1597 1493 1784 1586 iungi
1816 1494 2089 1584 quidem
2123 1522 2214 1567 αν
2249 1517 2403 1562 cum
2422 1519 2712 1589 lmpera-

489 1598 647 1678 tivo,
691 1598 814 1666 sed
854 1618 990 1664 non
1017 1597 1348 1665 construi:
1381 1619 1609 1687 sensus
1649 1606 1748 1664 est
1777 1597 1977 1680 enim,
2029 1626 2119 1678 ως
2149 1625 2240 1669 αν
2260 1601 2713 1688 ἑπαχθέστα··

447 1711 614 1780 *τος
643 1703 771 1795 εἴη.
827 1699 1052 1792 Magis
1073 1700 1317 1769 dubius
1345 1699 1559 1768 videri
1591 1709 1819 1821 potest
1839 1700 2307 1793 Aristophanis
2325 1701 2513 1769 locus
2531 1700 2707 1772 Ach.

492 1802 716 1877 1200.
765 1803 883 1871 ubi
932 1796 1335 1898 φιλήσατόν
1372 1831 1468 1896 με
1517 1830 1605 1874 το
1655 1796 2191 1899 περιπεταστόν
2235 1798 2703 1895 κάπιμανδα-

490 1900 723 1978 λωτον
766 1936 856 1978 αν
882 1906 952 1973 ἱιι
986 1904 1142 1974 edd.
1181 1906 1571 1998 vulgaribus
1611 1904 1934 1997 scriptum
1966 1914 2103 1991 est,
2156 1905 2278 1974 sed
2309 1906 2508 1974 codd.
2537 1930 2703 1998 par.-

486 2009 760 2077 ticulam
804 2009 1132 2080 omittunt.
1236 2009 1410 2078 Sunt
1453 2008 1567 2076 illa
1608 2007 2126 2099 antistrophica‚
2175 2008 2243 2076 in
2290 2008 2531 2099 quibus
2573 2010 2706 2077 mi·-

485 2134 639 2180 rum
671 2113 739 2180 in
780 2111 1059 2180 modum
1090 2112 1374 2204 grassati
1399 2119 1554 2180 sunt
1581 2120 1844 2179 veteres
1875 2111 2167 2196 metrici,
2220 2133 2428 2201 quum
2463 2104 2701 2181 trime-

484 2223 626 2283 tros
660 2216 1013 2284 voluerunt
1042 2216 1408 2284 restituere.
1486 2214 1684 2299 Quae
1717 2237 1919 2311 verae
1949 2215 2322 2305 scripturae
2352 2215 2499 2305 sint,
2550 2239 2700 2284 am-

485 2315 767 2410 biguum
798 2327 917 2404 est,
970 2341 1176 2409 quum
1208 2326 1495 2411 propter
1523 2318 1852 2386 librorum
1892 2316 2286 2407 dissensum,
2339 2325 2482 2385 tum
2516 2317 2705 2408 quod

483 2421 553 2489 in
578 2421 997 2514 antistropha
1018 2443 1248 2490 versus
1277 2419 1538 2492 excidit.
1646 2420 1856 2505 Quod
1890 2422 1946 2489 si
1972 2431 2155 2490 recte
2185 2419 2387 2490 codd.
2426 2419 2702 2511 habent,
2827 2513 2834 2517 .

694 2551 1100 2679 φιλήσατόν
1129 2582 1225 2652 με
1255 2556 1693 2653 μαλθακως,
1749 2587 1802 2630 ω
1829 2557 2136 2653 χρυσίω,

688 2688 777 2734 το
810 2688 1345 2758 περιπεταστον
1376 2654 2031 2753 κάπιμανδαλωτόν
2048 2714 2077 2749 ,

481 2796 671 2888 quod
699 2820 857 2866 sane
899 2799 991 2865 ita
1020 2798 1320 2884 videtur,
1376 2796 1734 2890 posteriori
1770 2794 1930 2864 huic
1973 2797 2191 2864 versui
2223 2794 2594 2885 respondet
2622 2798 2700 2883 is,

485 2902 603 2990 qui
637 2899 868 2968 addito
905 2902 974 2968 in
1004 2901 1188 3006 libris
1219 2900 1620 2991 quibusdam
1661 2894 1789 2972 οὖν
1820 2908 2094 2989 quartus
2123 2897 2442 2991 strophae
2475 2907 2614 2988 est,
2651 3004 2666 3020 .

687 3041 912 3110 ἐκεῖνο
951 3034 1026 3110 δ’
1057 3033 1189 3110 οὖν
1213 3031 1516 3111 αιάκτόν
1545 3035 1637 3110 οἳν
1662 3038 1972 3130 γένοιτο.

480 3189 584 3257 Ita
615 3190 887 3279 quintus
916 3213 1144 3259 versus
1171 3188 1628 3282 antistrophae
1642 3238 1663 3274 ,
1715 3188 1832 3278 qui
1870 3187 2169 3256 trimeter
2196 3188 2520 3257 iambicus
2549 3189 2699 3276 fuit,

479 3293 743 3366 interiit.
848 3292 942 3361 Et
965 3294 1058 3361 sic
1095 3303 1481 3386 exemptum
1523 3301 1625 3360 est
1652 3289 1787 3359 hoc
1822 3291 2204 3382 exemplum
2233 3293 2346 3377 iis,
2401 3315 2575 3381 quae
2605 3290 2697 3364 οἲν

482 3418 637 3462 cum
690 3397 1087 3516 imperativo
1133 3397 1430 3465 iunctum
1479 3395 1756 3466 habent.
1860 3395 2020 3461 Non
2065 3395 2285 3462 utilior
2336 3405 2437 3463 est
2482 3394 2712 3462 Rhesi

477 3520 542 3571 v.
577 3494 747 3568 685.
778 3499 846 3565 ἰιι
884 3522 1020 3588 quo
1051 3499 1308 3588 quod
1278 3500 1600 3601 scriptum
1633 3506 1769 3583 est,
1823 3501 2019 3584 παῖε,
2072 3503 2242 3570 παῖε
2270 3498 2407 3577 πᾶς
2438 3525 2547 3577 τις
2576 3526 2695 3586 αν,

480 3624 689 3690 quum
710 3611 997 3694 propter
1022 3604 1151 3670 alia
1185 3602 1324 3670 eius
1355 3624 1587 3669 versus
1617 3600 1793 3684 vitia,
1840 3590 1990 3688 tum
2016 3622 2100 3667 eo
2144 3610 2527 3691 suspectum
2570 3608 2693 3686 est,

479 3705 666 3803 quod
697 3705 907 3772 verba
938 3731 1049 3784 τις
1097 3731 1187 3777 αν
1222 3705 1294 3772 in
1335 3704 1742 3794 quibusdam
1785 3701 1984 3770 codd.
2035 3702 2290 3770 desunt.
2398 3702 2693 3771 Omnino

476 3807 590 3874 illa
623 3831 826 3875 scena
852 3809 1142 3899 pessime
1168 3808 1401 3876 habita
1442 3816 1579 3890 est,
1631 3807 1857 3873 vitiata
1888 3807 2089 3872 etiam
2126 3805 2384 3873 choro
2366 3827 2435 3873 m
2472 3805 2693 3872 hemi--

479 3909 711 3977 choria
744 3911 1081 3999 distincto,
1135 3916 1344 3999 quum
1374 3911 1619 4002 singuli
1644 3910 1869 4000 potius
1911 3916 2212 3975 cantores
2246 3907 2697 4000 distinguendi

476 4012 744 4084 fuerint.
849 4015 997 4081 Hos
1042 4013 1316 4104 quidem
1359 4037 1620 4099 versuS,
1686 4013 1802 4100 qui
1846 4033 2113 4079 scenam
2172 4011 2374 4133 plane
2424 4021 2696 4104 pertur-
2731 4093 2735 4097 .

474 4115 639 4184 bant
657 4164 677 4199 ‚
731 4117 825 4183 sic
856 4115 1247 4185 scribendos
1280 4117 1593 4186 conficio·

690 4269 851 4341 ΟΛ.
911 4270 1111 4361 ἴσχε,
1180 4264 1470 4367 θάρσει.
1590 4271 1819 4340 ΧΟΡ.
1873 4267 2090 4347 πέλας
2142 4251 2278 4338 ἷ”.θ
2388 4263 2549 4339 ΟΔ.
2606 4259 2693 4336 οὐ

1139 4369 1248 4467 δή.
1350 4375 1595 4446 ΧΟΡ.
1650 4376 1867 4449 παῖε,
1918 4375 2089 4442 παῖε
2141 4367 2300 4541 aaliz.
2354 4366 2462 4449 τίς
2515 4362 2618 4458 εἷ,-
