3284 5159
1303 438 1574 502 LIB.I.
1665 436 1969 504 CAR&
2677 442 2758 505 ll
2879 481 2884 486 ·

537 628 822 721 aliquid,
863 628 986 699 sed
1016 652 1151 698 non
1188 630 1691 700 contendentis:
1744 631 1859 721 qui
1889 629 2004 699 ubi
2029 630 2165 698 iam
2190 651 2328 704 non
2361 632 2580 717 sumit,
2634 628 2758 699 sed

539 734 916 823 contendit,
967 733 1301 801 contrario
1346 735 1552 803 utitur
1596 734 1932 802 vocabulo
1967 727 2268 813 πάντως.
2374 735 2761 803 Probabilia

541 838 832 928 denique
864 860 994 930 per
1024 837 1424 928 particulam
1468 838 1551 910 τέ
1588 837 2051 929 exprimuntur
2065 889 2085 925 ,
2138 860 2315 926 quae
2357 838 2762 907 Germanice

538 943 944 1035 plerumque
976 963 1105 1031 per
1112 936 1210 1032 ja
1243 941 1613 1009 encliticam
1644 940 1928 1032 exprimi
1963 948 2227 1031 potest,
2275 942 2514 1010 Latina
2543 942 2614 1008 in
2642 940 2764 1008 lin-

539 1068 679 1137 gua
698 1043 881 1138 fere
918 1043 1030 1112 vel
1074 1043 1416 1112 nimirum
1448 1066 1586 1111 non
1610 1064 1890 1136 prorsus
1925 1043 2180 1112 alienae
2218 1054 2407 1129 sunt,
2437 1043 2587 1113 —sed
2637 1043 2762 1111 ali-

542 1157 798 1238 quanto
831 1157 1059 1216 tamen
1089 1147 1424 1217 fortiores.
1507 1148 1705 1216 Haec
1737 1155 1963 1215 autem
1991 1147 2204 1214 oratio
2234 1147 2611 1239 colligentis
2642 1156 2764 1233 est,

546 1251 666 1320 sed
695 1273 833 1320 non
861 1250 1140 1319 dicentis
1167 1249 1619 1319 necessarium
1651 1273 1834 1320 esse:
1885 1248 2068 1318 unde
2105 1250 2222 1340 qui
2251 1251 2386 1319 iam
2413 1274 2549 1319 non
2579 1251 2766 1318 colli-

545 1355 679 1447 git,
731 1354 855 1423 sed
886 1354 1140 1422 firmius
1187 1354 1516 1423 rationem
1548 1352 1926 1441 concludit,
1980 1348 2378 1448 ἀναγκαίως
2427 1354 2609 1423 dicat
2638 1375 2765 1422 ne-

546 1481 735 1526 cesse
761 1465 882 1528 est.

749 1560 1103 1629 Illustrabo
1147 1560 1320 1631 haec
1362 1581 1562 1630 versu
1598 1557 1923 1647 Homeri,
1973 1558 2042 1628 in
2089 1580 2227 1650 quo
2272 1558 2378 1629 his
2419 1558 2768 1652 particulis

547 1664 849 1733 omnibus
873 1663 1063 1732 locus
1100 1673 1229 1734 est:

650 1810 783 1892 σύν
814 1844 898 1891 τε
930 1809 1048 1890 δύ’
1085 1816 1472 1916 ἐρχομένω,
1523 1813 1644 1889 καὶ
1683 1817 1847 1899 ἴσως
1876 1808 2023 1913 πρό
2061 1813 2106 1889 ὃ
2138 1814 2277 1888 τοῦ
2308 1809 2617 1914 ἐνόησεν.

546 1973 592 2042 i.
626 1995 684 2040 e.
726 1968 1008 2041 dnobus
1047 1943 1523 2053 consociatio,
1553 1969 1893 2064 forsitan
1927 1969 2125 2038 alter
2153 1969 2397 2038 altero
2439 1969 2618 2061 plus
2656 1968 2768 2036 υἱ-

550 2076 713 2146 det.-
763 2074 943 2146 zwei
976 2074 1452 2165 beisammm,
1506 2073 1693 2143 sieht
1736 2072 2100 2142 vielleicht
2132 2070 2332 2141 einer
2369 2072 2625 2142 weiter
2648 2072 2804 2152 als,

431 2246 439 2253 .
550 2179 693 2249 der
721 2180 1021 2248 andere.
1122 2179 1283 2247 Hoc
1327 2179 1444 2269 qui
1484 2177 1681 2263 dicit,
1731 2176 1879 2244 fieri
1903 2198 2104 2267 posse
2142 2175 2430 2260 indicat,
2481 2183 2557 2244 ut
2599 2175 2770 2242 aiter

549 2284 763 2351 altero
810 2283 966 2375 plus
1012 2282 1276 2371 videat,
1329 2281 1452 2352 sed
1493 2291 1721 2349 utrum
1762 2279 1834 2347 id
1866 2280 1987 2346 fiat
2033 2301 2119 2346 an
2160 2302 2299 2347 non
2330 2280 2485 2363 fiat,
2537 2279 2767 2378 nescit.

552 2385 762 2470 Quod
790 2387 846 2455 si
883 2387 1006 2454 scit
1034 2387 1182 2453 fieri
1215 2387 1308 2453 ita
1324 2437 1345 2473 ‚
1398 2384 1787 2475 simpliciter
1813 2381 1888 2449 id
1918 2381 2226 2451 enunciat
2253 2384 2394 2454 sine
2421 2382 2558 2451 ulla
2598 2404 2768 2473 par-

550 2490 789 2578 ticula,
841 2482 990 2586 πρό
1020 2486 1066 2562 ὃ
1093 2488 1232 2562 τοῦ
1252 2481 1565 2587 ἐνόησεν.
1670 2482 1815 2554 Sed
1840 2485 1896 2614 si
1923 2484 2119 2573 dicit,

654 2634 788 2716 οὖν
820 2668 906 2715 τε
934 2634 1046 2715 δύ’
1074 2641 1480 2738 ἐρχομένω,
1529 2636 1659 2713 καί
1678 2664 1821 2712 που
1855 2629 2004 2736 προ
2031 2635 2078 2711 ὅ
2101 2637 2241 2713 τοῦ
2263 2632 2557 2734 ἐνόησεν
2577 2691 2602 2730 ,

550 2793 689 2865 hoc
734 2794 928 2864 dicitt
982 2793 1181 2864 alter
1200 2792 1548 2887 fortasse
1597 2794 1841 2863 altero
1875 2792 2054 2885 plus
2099 2791 2338 2862 videt.-
2400 2793 2581 2862 zwez‘
2619 2792 2772 2864 bez·-

554 2921 916 2985 samnaen,
967 2899 1157 2969 sieht
1188 2897 1384 2967 wohl
1418 2898 1617 2966 einer
1644 2895 1897 2966 weiter
1929 2896 2047 2965 als
2080 2896 2221 2964 der
2252 2895 2554 2964 andere.
2658 2897 2770 2963 Eo

553 3012 779 3071 autem
806 3002 1066 3095 opinari
1110 3025 1182 3071 se
1209 3001 1498 3084 indicat,
1548 3001 1640 3068 ita
1669 3000 1815 3068 fieri
1836 3046 1857 3084 ,
1910 2998 2030 3068 sed
2057 3021 2193 3067 non
2224 2999 2534 3067 affirmat.
2638 2999 2772 3066 Af-

553 3108 824 3175 firmare
870 3105 927 3173 si
977 3106 1153 3191 vult,
1208 3104 1532 3173 adverbio
1576 3105 1676 3171 uti
1723 3102 1967 3188 debet,
2033 3124 2171 3191 quo
2214 3124 2350 3169 non
2389 3102 2599 3170 videri
2646 3103 2773 3170 sibi

554 3212 679 3293 ita,
746 3207 872 3277 sed
925 3207 1270 3276 confidere
1316 3230 1388 3277 se
1434 3205 1718 3293 indicet,
1785 3201 1831 3302 ἦ
1874 3198 1963 3301 δή
2000 3198 2147 3303 πρό
2191 3203 2236 3277 ὃ
2279 3204 2416 3278 τοῦ
2463 3198 2770 3303 ἐνόησεν.

555 3314 789 3382 Porro'
806 3312 860 3379 si
897 3309 1090 3398 dicit,

659 3458 791 3538 σύν
826 3490 911 3537 τε
938 3457 1052 3537 δύ’
1081 3463 1483 3561 ἐρχομένω,
1536 3461 1663 3538 καί
1684 3488 1803 3538 κεν
1828 3455 1977 3559 πρό
2007 3460 2052 3535 ὅ
2082 3460 2225 3536 τοῦ
2251 3454 2583 3558 ἐνόησεν,

553 3615 628 3686 id
676 3617 854 3686 hanc
883 3617 1020 3685 vim
1061 3616 1302 3686 habete
1356 3618 1551 3688 alter
1572 3616 1793 3711 forte
1838 3616 2081 3686 altero
2096 3614 2275 3708 plus
2310 3613 2544 3684 videt.-
2597 3614 2774 3684 zwei

558 3719 996 3790 beisammen
1022 3770 1042 3804 ‚
1107 3721 1296 3790 sieht
1335 3729 1530 3790 etwa
1569 3722 1769 3790 einer
1810 3719 2063 3789 weiter
2111 3718 2229 3788 als
2279 3718 2420 3787 der
2471 3718 2771 3787 andere.

561 3824 768 3910 Quod
788 3824 905 3915 qui
936 3822 1116 3907 dicit,
1156 3847 1241 3892 ex
1263 3824 1537 3892 fortuita
1562 3826 1789 3914 aliqua
1818 3820 2201 3891 conditione
2229 3819 2533 3912 pendere
2561 3822 2775 3912 signi-

557 3928 749 4011 ficat,
800 3935 876 3995 ut
911 3926 1004 3994 ita
1032 3927 1313 3997 eveniat.
1418 3927 1629 4010 Quod
1659 3927 1715 3995 si
1757 3927 1931 3995 tollit
1957 3923 2439 4010 conditionem,
2489 3919 2778 4005 ’πάντως

558 4024 705 4121 πρό
749 4029 793 4102 ὂ
822 4030 959 4101 τοῦ
988 4024 1278 4128 ἐνόησεν
1323 4029 1504 4099 dicat
1529 4054 1805 4101 necesse
1837 4036 1962 4100 est.
2063 4026 2378 4117 Denique
2412 4026 2601 4116 quod
2630 4029 2777 4122 ipse

556 4132 784 4225 posuit
818 4141 1065 4225 poeta,

664 4278 795 4358 σύν
823 4312 905 4359 τε
936 4277 1054 4359 δύ’
1083 4286 1490 4383 ἐρχομένω,
1544 4284 1667 4359 καί
1697 4314 1781 4361 τε
1817 4280 1963 4383 πρό
1995 4285 2040 4361 ὅ
2070 4285 2213 4360 τοῦ
2248 4276 2580 4380 ἐνόησεν,

558 4437 626 4506 in
653 4436 828 4508 hanc
860 4440 1251 4511 sententiam
1286 4440 1536 4510 dictum
1565 4451 1696 4511 est:
1749 4442 1949 4512 alter
1975 4441 2321 4511 nimirum
2344 4440 2585 4530 altero
2603 4441 2778 4535 plus
