3284 5159
562 430 689 491 194
1239 426 1356 485 DE
1416 423 1962 487 PARTIGVLA
2006 421 2099 490 ἃν

428 630 433 637 ’
562 630 638 685 ιιι
673 616 749 697 ὃς
780 619 854 687 δ’
888 613 1004 702 ἄν,
1058 621 1178 687 ἵνα
1197 606 1338 710 γάρ
1368 612 1481 700 ἄν,
1534 616 1625 684 de
1654 638 1791 705 qua
1816 639 1893 691 re
1925 624 2028 685 est
2053 617 2228 685 libro
2254 620 2484 711 primo
2505 618 2782 692 dictum.
2863 671 2878 686 ,

569 719 742 789 Cum
779 719 1057 786 caeteris
1089 725 1315 786 autem
1348 719 1541 786 verbi
1569 719 1789 788 modis
1823 721 2256 788 coniunctum
2294 719 2388 794 ἄν
2402 777 2432 810 ,
2488 720 2788 812 sequitur

480 884 495 889 -
566 822 878 892 eamdem
910 822 1253 914 regulam,
1306 829 1381 888 ut
1418 824 1633 891 verbo
1682 822 1771 890 ad
1810 822 2001 912 quod
2040 825 2338 917 pertinet
2376 826 2785 912 subiiciatur‚

564 936 640 995 ut
671 922 866 1015 εἶχον
895 922 1030 1000 ἄν,
1084 919 1327 1015 ἔχοιμ’
1360 921 1480 1012 ἄν,
1535 926 1729 1013 ἔχειν
1762 923 1890 1013 ἄν,
1943 919 2124 1016 ἔχὼν
2152 925 2264 1000 ἄν.
2370 928 2516 997 Sed
2538 929 2787 997 horum

558 1029 929 1098 verborum
965 1028 1279 1117 quoniam
1309 1049 1392 1094 ea
1428 1028 1724 1097 conditio
1758 1037 1881 1116 est,
1933 1038 2008 1096 ut
2031 1030 2436 1122 plerumque
2467 1054 2606 1102 non
2642 1033 2786 1100 sola

563 1157 694 1225 per
726 1155 799 1200 se
837 1131 1230 1207 sententiam
1259 1131 1682 1222 compleant,
1737 1131 1860 1201 sed
1906 1134 2258 1201 coniuncta
2310 1136 2587 1203 demum
2629 1158 2785 1203 cum

567 1237 709 1305 aliis
739 1235 1019 1302 vocibus
1046 1234 1379 1325 integram
1408 1235 1754 1303 notionem
1783 1236 2162 1323 conficiant,
2199 1238 2485 1330 perinde
2519 1246 2621 1307 est
2646 1262 2784 1328 quo

563 1341 720 1429 loco
771 1346 1063 1432 ponatur
1123 1334 1250 1423 ἄν,
1315 1334 1689 1406 dummodo
1755 1340 2016 1407 locetur
2070 1349 2231 1431 post
2287 1363 2490 1409 unam
2552 1364 2785 1410 earum

484 1484 489 1491 ·
564 1459 851 1530 vocum,
917 1463 1003 1508 ex
1041 1440 1283 1528 quibus
1326 1449 1585 1508 constat
1628 1443 1746 1510 illa
1791 1464 1966 1532 quae
2014 1443 2376 1512 efficienda
2426 1453 2528 1513 est
2572 1445 2777 1513 notio.

564 1547 659 1615 Vt
687 1544 876 1636 quod
912 1552 1014 1613 est
1042 1539 1237 1631 εἶχον
1257 1539 1348 1614 ἄν
1379 1537 1785 1666 πρόφασιν,
1838 1547 1999 1613 licet
2027 1547 2228 1615 etiam
2257 1548 2352 1616 sic
2380 1547 2535 1633 dici,
2587 1541 2781 1641 πρό-

569 1676 793 1745 φασιν
823 1645 914 1718 ἂν
944 1643 1176 1736 εἶχον,
1227 1646 1337 1712 vel
1364 1639 1739 1740 πρόφασιν
1772 1644 1969 1739 εἶχον
2014 1646 2106 1721 ἄν
2124 1704 2153 1739 ,
2206 1652 2316 1718 vel
2359 1647 2555 1740 εἶχον
2599 1643 2785 1745 πρό-

478 1806 483 1815 .
568 1777 794 1874 φασιν
831 1778 965 1839 αν,
1032 1756 1106 1817 ιιι
1147 1747 1336 1840 apud
1374 1749 1724 1821 Demosth.
1759 1775 1828 1874 pr.
1877 1747 2102 1835 11⁰5,
2143 1750 2210 1820 2.
2262 1755 2332 1825 εἰ
2362 1753 2500 1842 μὲν
2530 1750 2784 1826 τοίνυν

563 1848 674 1951 μή
719 1843 1363 1970 προςεμαρτύρουν
1397 1851 1499 1973 τῇ
1540 1847 1926 1976 προκλήσει
1975 1882 2112 1950 την
2142 1849 2524 1974 διαθήκην
2545 1850 2781 1945 οὗτοι,

567 1958 787 2049 λόγον
828 1951 979 2043 εἶχέ
999 1982 1120 2026 τιν
1196 1952 1288 2026 ἄν
1322 1981 1410 2026 το
1448 1982 1741 2049 φευγειν
1775 1957 1904 2049 ἐμὲ
1948 1952 2268 2051 α’νοίγειν
2308 1986 2396 2030 το
2427 1984 2782 2052 γραμμα-

565 2066 787 2133 τεῖον.
894 2056 1436 2126 Consentaneum
1476 2067 1578 2126 est
1636 2068 1901 2148 autem,
1952 2060 2099 2128 fere
2142 2069 2300 2151 post
2337 2083 2542 2129 unam
2582 2083 2666 2128 ex
2704 2062 2782 2129 iis

566 2163 846 2231 vocibus
871 2161 1073 2252 poni,
1125 2159 1194 2227 in
1220 2160 1464 2251 quibus
1492 2163 1705 2231 maius
1738 2163 2014 2252 aliquod
2053 2173 2472 2232 momentum
2502 2172 2623 2233 est.
2688 2164 2783 2232 Vt

567 2265 759 2360 apud
794 2264 1191 2356 Lycurgum
1210 2286 1281 2356 p.
1314 2259 1489 2337 165.
1538 2263 1749 2354 (242.
1779 2262 1850 2361 §.
1879 2264 1998 2337 39.
2031 2265 2288 2357 Bckk.)
2340 2266 2582 2340 καίτοι
2613 2294 2752 2339 κατ

568 2367 878 2448 ἐκείνους
917 2393 1092 2446 τους
1140 2359 1474 2457 χρόνους,
1528 2396 1582 2439 ω
1618 2366 1907 2464 ἄνδρες,
1959 2366 2067 2449 τίς
2095 2365 2224 2440 οὐκ
2259 2368 2350 2442 ἄν
2391 2397 2527 2464 την
2568 2363 2781 2442 πόλιν

567 2473 905 2569 η’λέησενς
954 2468 1199 2537 Maluit
1229 2469 1355 2557 sic,
1406 2493 1613 2560 quam
1658 2471 1767 2552 τίς
1808 2500 1900 2544 αν
1945 2466 2074 2543 οὐκ
2108 2467 2390 2569 ἠλέησε,
2442 2473 2601 2562 quia
2645 2494 2781 2540 non

569 2575 730 2668 quis
742 2595 1167 2642 misericors
1178 2594 1322 2642 non
1327 2571 1512 2665 suet,
1551 2574 1675 2642 sed
1692 2574 1852 2666 quis
1871 2572 2395 2644 immisericors
2409 2576 2636 2644 dicere
2654 2598 2780 2643 vo-

530 2680 768 2748 'lebat.
873 2676 1312 2767 Thucyd.11.
1350 2675 1472 2751 ll.
1518 2674 1783 2751 οὔκουν
1823 2669 2001 2772 χρή,
2054 2678 2129 2749 εἰ
2131 2704 2253 2773 τῳ
2282 2678 2401 2750 καὶ
2426 2677 2781 2771 δοκοῦμεν

566 2775 833 2873 πλήθει
876 2782 1156 2854 ἐπιέναι
1202 2778 1321 2850 καὶ
1350 2774 1715 2875 ἀσφάλεια
1751 2773 1983 2903 πολλή
2025 2775 2214 2852 εἶναι
2252 2774 2359 2878 μή
2409 2779 2503 2854 ἄν
2540 2784 2781 2854 ἐλθεῖν

566 2910 739 2965 τους
768 2882 1140 2962 ἐναντίους
1177 2879 1353 2979 ἡμῖν
1379 2878 1505 2956 διοί
1529 2876 1790 2981 μα’χης,
1844 2909 2119 2956 τουτου
2155 2887 2361 2956 ἔκενα
2397 2884 2780 2976 οἶμελέστε-

570 2981 703 3084 ρόν
741 3014 822 3059 τι
860 2987 1573 3081 παρεσκευασμένους
1614 2990 1892 3082 χωρεῖν.
1996 2985 2349 3055 Demosth.
2380 3011 2455 3080 p
2503 2983 2676 3074 295,
2709 2982 2778 3056 8.

569 3088 679 3170 τίς
712 3085 874 3178 οὐχὶ
903 3091 1349 3161 κατέπτυσεν
1381 3116 1472 3161 αν
1501 3116 1655 3161 σου.
1760 3089 2061 3157 Pertinet
2092 3098 2321 3157 autem
2355 3090 2444 3159 ad
2484 3088 2622 3157 hoc
2651 3110 2780 3183 ge-

567 3188 693 3261 nus
731 3192 934 3259 etiam
965 3189 1125 3275 καί,
1181 3212 1389 3278 quum
1418 3192 1698 3282 quidem
1727 3189 1902 3260 haec
1931 3193 2177 3259 vocula
2216 3217 2351 3261 non
2384 3201 2483 3261 est
2520 3192 2780 3291 simpli-

570 3280 737 3363 citer
777 3293 1058 3386 copula,
1113 3291 1236 3361 sed
1285 3294 1517 3384 paullo
1574 3295 1924 3362 fortiorem
1978 3293 2190 3363 habet
2232 3297 2410 3379 vim,
2474 3305 2551 3363 ut
2592 3294 2781 3384 quasi

568 3420 698 3491 pro
734 3396 1177 3464 affirmatione
1212 3396 1503 3484 quadam
1542 3399 1647 3470 sit.
1735 3397 2147 3466 Herodotus
2179 3399 2297 3471 lv.
2332 3396 2503 3466 118.
2531 3396 2650 3469 καὶ
2690 3424 2780 3469 αν

570 3493 851 3591 ἐδήλου.
955 3498 1050 3565 Ει
1104 3497 1389 3568 fortasse
1432 3499 1754 3591 Thucyd.
1813 3500 1992 3569 VIII.
2036 3498 2157 3571 68.
2206 3502 2294 3570 de
2333 3523 2471 3590 quo
2516 3502 2671 3568 loco
2710 3523 2774 3568 v.

571 3624 774 3693 supra
806 3601 921 3670 lib.
952 3601 1073 3673 111.
1117 3625 1173 3669 c.
1211 3599 1282 3671 4.
1336 3603 1480 3672 Sed
1525 3627 1662 3673 uon
1709 3603 1888 3672 cadit
1926 3602 2062 3672 hoc
2097 3604 2167 3674 in
2202 3598 2386 3677 οἷλλοῖ
2419 3603 2608 3697 apud
2643 3603 2778 3672 So-

572 3705 894 3799 phoclem
920 3705 1146 3796 Antig.
1180 3698 1348 3773 465.

781 3904 1007 3988 οὕτως
1058 3909 1328 4032 ἔμοιγεν
1357 3907 1575 3981 τοῦδε
1627 3908 1766 3982 τοῦ
1815 3904 2048 3983 πόνου
2100 3915 2346 3999 τυχεῖν
2608 3997 2611 4000 ,

778 4006 961 4104 παρ’
1015 4007 1225 4082 ουὸὲν
1276 4007 1530 4103 ἄλγος,
1595 4007 1759 4085 ἀλλ’
1811 4039 1904 4085 αν
1959 4015 2029 4084 εἰ
2071 4038 2205 4085 τον
2250 4016 2329 4094 ἐξ
2379 4010 2552 4106 ἐμῆς

777 4137 1047 4208 μητρος
1096 4105 1411 4185 θανόντ
1464 4111 1812 4188 αθαπτον
1863 4107 2179 4212 ἐσχόμην
2231 4115 2478 4201 νέκυν,

779 4214 1037 4295 κείνοις
1088 4241 1178 4286 αν
1226 4213 1508 4311 ἤλγουν

575 4417 664 4486 Id
692 4400 870 4487 enim
913 4425 1279 4511 propterea
1317 4419 1415 4487 sic
1456 4418 1593 4488 dici
1633 4419 1900 4537 debuit.
1959 4420 2119 4511 quia
2152 4415 2315 4494 ἀλλ’
2342 4417 2436 4493 ἄν
2483 4380 2781 4509 οΠίΡιίοσ
