3284 5159
541 403 630 464 98
1221 392 1337 454 DE
1414 390 1960 452 PARTlchA
2008 386 2086 454 ἄν

553 588 682 655 tior
707 582 1030 652 conditio:
1071 582 1359 651 refertur
1398 580 1575 649 enim
1605 579 1695 647 ad
1726 589 1982 649 certam
2024 603 2217 673 spem
2248 590 2451 670 atque
2488 582 2766 674 opinio-

554 710 708 756 nem
725 737 746 774 ,
798 687 1093 755 futurum
1135 685 1299 776 quid
1347 706 1492 752 esse
1507 733 1527 769 ,
1584 685 1696 751 vel
1732 685 1965 766 etiam,
2009 707 2143 775 pro
2170 686 2269 753 rei
2306 692 2543 752 natura
2560 735 2580 772 ,
2633 710 2768 755 non

556 814 701 860 esse
741 785 1059 859 futurum.
1162 788 1358 872 Quae
1388 808 1592 875 quam
1627 785 1891 856 diversa
1924 789 2081 873 sint,
2134 787 2451 856 facillime
2483 789 2768 881 intelligi

551 901 778 985 potest
813 916 896 961 ex
924 893 999 961 iis
1017 942 1038 979 ‚
1088 915 1264 981 quae
1290 892 1361 958 in
1401 899 1689 978 utroque
1716 912 1971 982 genere
2006 890 2321 959 adiuncta
2354 892 2729 983 cogitantur
2745 917 2767 962 z
2813 887 2818 891 ’

553 997 621 1064 in
666 997 815 1086 illo,
882 993 970 1090 ἦν
1025 1021 1095 1066 τι
1145 987 1272 1076 νύξ
1313 989 1468 1087 ἁφῇ
1483 1047 1507 1080 ,
1569 992 1636 1061 si
1686 993 1865 1089 quid
1902 992 2120 1086 sorte
2159 1016 2306 1062 nox
2349 994 2767 1087 reliquerit.-

532 1097 877 1193 sorsitan
925 1097 1278 1188 relinquet
1323 1094 1640 1186 aliquid,
1674 1095 2019 1189 forsitan
2060 1119 2205 1165 non
2244 1098 2639 1188 relinqua,-
2698 1099 2768 1165 in

552 1201 725 1287 hoc,
780 1203 852 1272 εἴ
886 1228 960 1272 τι
1004 1194 1129 1281 mi}
1172 1197 1362 1293 ἁφῇ,
1414 1198 1688 1289 siquid
1715 1221 1863 1268 nox
1891 1200 2309 1291 reliquerit.-
2356 1201 2492 1269 vix·
2522 1210 2768 1269 autem

555 1305 932 1395 relinquet.
1035 1303 1247 1391 Atqui
1297 1300 1433 1368 hoc
1473 1301 1698 1392 ipsum
1744 1303 1970 1371 dicere
2010 1304 2222 1371 voluit
2258 1305 2385 1371 isto
2433 1304 2586 1371 loco
2627 1303 2766 1371 So-

554 1407 873 1500 phocles:
927 1428 1010 1473 ex
1035 1428 1171 1494 quo
1206 1411 1519 1497 apparet,
1573 1427 1830 1474 errasse
1863 1407 2040 1474 viros
2074 1406 2343 1492 doctos,
2397 1406 2512 1496 qui
2540 1406 2648 1474 vel
2681 1428 2766 1475 ex

557 1509 939 1578 coniectura
964 1559 983 1594 ‚
1035 1508 1145 1575 vel
1191 1530 1275 1575 ex
1318 1507 1552 1599 paucis
1601 1507 1802 1577 codd.
1847 1506 1977 1605 ἦν,
2029 1531 2205 1599 quae
2247 1509 2590 1591 Atticistae
2638 1509 2766 1576 ali-

556 1613 740 1679 cuius
784 1612 1111 1679 correctio
1145 1618 1282 1698 est,
1335 1619 1800 1700 reposuerunt.
1899 1610 2207 1703 Exposui
2234 1611 2405 1679 haec
2448 1613 2765 1679 enuclea-

481 1790 491 1804 .
555 1715 719 1796 tim,
785 1723 861 1782 ut
903 1713 1225 1782 rationem
1279 1711 1659 1781 redderem.
1765 1713 1975 1797 Quod
2025 1715 2077 1781 si
2127 1713 2274 1803 quis
2322 1714 2573 1781 mavult
2609 1714 2764 1804 ipso

555 1818 774 1886 statim
817 1839 1013 1885 sensu
1050 1815 1212 1907 quid
1256 1815 1425 1883 iuter
1467 1824 1823 1904 utramque
1866 1817 2271 1885 locutionem
2313 1818 2565 1886 intersit
2601 1840 2763 1908 per-

557 1921 807 2011 cipere,
848 1921 902 1987 is
934 1919 1304 1987 meminerit
1330 1919 1496 1990 εἴτι
1525 1910 1651 2000 vv}
1678 1913 1833 2013 α’φῇ
1859 1918 1951 1986 sic
1988 1942 2134 1987 esse
2176 1920 2764 2010 pronunciandum

554 2032 629 2090 ut
659 2027 722 2096 εἰ
749 2028 919 2090 vo‘ce
947 2023 1274 2114 erigatur:
1326 2020 1511 2109 quod
1547 2028 1781 2088 contra
1810 2019 1895 2116 ἢν
1920 2043 2055 2089 non
2082 2021 2505 2114 distinguitur
2530 2046 2571 2089 a
2601 2046 2762 2090 cae-

552 2127 713 2193 teris
738 2125 1036 2193 vocibus.
1105 2125 1341 2213 Itaque
1374 2123 1574 2191 etiam
1594 2124 1835 2191 Latine
1874 2125 1929 2192 si
1959 2132 2314 2214 utrumque
2338 2125 2574 2193 iisdem
2604 2147 2762 2194 ver-

553 2228 658 2296 bis
686 2237 936 2316 vertaS,
985 2227 1048 2296 si
1084 2227 1260 2318 quid
1297 2247 1445 2295 nox
1483 2225 1895 2317 reliquerit,
1945 2227 2113 2294 illud
2147 2228 2212 2296 si
2254 2228 2307 2294 si
2339 2236 2440 2296 est
2465 2230 2535 2301 εἰ
2540 2277 2561 2314 ,
2614 2228 2763 2295 for-

447 2346 451 2357 ·
553 2331 682 2398 tius
715 2338 816 2398 est
841 2330 1456 2421 pronunciandum3
1505 2329 1836 2397 remissius
1863 2337 2108 2429 autem,
2154 2331 2209 2398 si
2239 2338 2341 2397 est
2371 2328 2477 2419 ἤν.
2542 2332 2762 2399 Inter-

556 2432 718 2500 dum
746 2432 1018 2522 quidem
1044 2456 1178 2501 non
1214 2433 1498 2500 multum
1528 2432 1841 2520 interest,
1896 2434 1967 2504 εἰ
1989 2456 2076 2499 an
2109 2430 2197 2528 ἢν
2236 2432 2526 2520 dicatur,
2578 2442 2654 2501 ut
2692 2434 2761 2501 in

554 2535 670 2605 illo
727 2535 1128 2625 Sophoclis⁹
1195 2531 1446 2629 ὕβρις,
1511 2537 1583 2606 εἰ
1625 2532 1904 2606 πολλῶν
1962 2532 2475 2632 ὕπερπλησθῇ,
2536 2537 2646 2605 vel
2688 2538 2761 2604 in

553 2637 1020 2730 Xenophontis
1062 2640 1218 2706 loco
1232 2686 1253 2723 ,
1305 2658 1510 2725 quem
1544 2636 1743 2705 affert
1767 2638 2238 2729 grammaticus
2251 2684 2272 2721 ,
2328 2638 2512 2706 cuius
2550 2641 2761 2707 verba

554 2741 1004 2832 apposuimus,
1107 2739 1246 2809 Sed
1306 2741 1710 2830 plerumque
1778 2748 2003 2807 tamen
2064 2741 2159 2808 ibi
2217 2741 2642 2830 potissimum
2693 2744 2766 2814 εἰ

551 2855 911 2935 usurpatur
928 2896 949 2933 ‚
1015 2842 1133 2929 ubi
1168 2841 1239 2939 ἢ
1240 2868 1280 2913 ν
1321 2864 1454 2911 nou
1505 2852 1739 2933 aptum
1786 2850 1905 2910 est.
2010 2843 2102 2910 Vt
2155 2842 2226 2910 in
2263 2844 2556 2912 Platonis
2603 2846 2759 2913 loco

553 2945 740 3037 apud
769 2940 1083 3015 eumdem
1117 2946 1664 3038 grammaticum,
1722 2945 1869 3016 εἴτε
1896 2970 2009 3026 τις
2048 2943 2276 3042 ἄρ’ῥην
2305 2947 2451 3018 εἴτε
2475 2973 2587 3027 τις
2615 2945 2757 3044 θῆ-

551 3051 673 3127 λυς
701 3044 762 3143 ᾖ.
866 3052 1042 3118 Nam
1082 3050 1198 3137 qui
1243 3049 1647 3132 moriuntur,
1696 3048 2070 3116 necessario
2106 3056 2221 3115 aut
2247 3071 2462 3118 mares
2498 3058 2615 3116 aut
2647 3050 2758 3117 fe-

482 3177 491 3186 ·
553 3151 773 3218 minae
803 3160 975 3239 sunt,
1026 3175 1150 3219 nec
1179 3150 1545 3241 quidquam
1570 3153 1640 3219 in
1673 3173 1757 3218 ea
1797 3173 1873 3218 re
1915 3150 2170 3218 fortuiti
2212 3151 2399 3219 inest.
2504 3151 2759 3220 Contra

550 3253 958 3344 Xenophon.
991 3254 1242 3377 Cyrop.
1276 3254 1395 3323 ΠΙ.
1429 3253 1641 3342 3,17.
1672 3254 1797 3326 νῦν
1826 3253 1903 3325 δὲ
1931 3255 2076 3338 ἴσοι
2101 3254 2238 3345 μὲν
2264 3257 2524 3327 ἐκεῖνοι
2542 3255 2757 3328 ἔσον-

550 3381 679 3427 ται
689 3408 718 3444 ,
775 3353 859 3452 ἤν
890 3384 972 3429 τε
1012 3350 1277 3430 ε’νθοέὃε
1302 3358 1753 3450 ἐπιμένωμεν
1787 3353 1875 3451 ἤν
1908 3383 1990 3427 τε
2017 3359 2086 3434 ἐς
2113 3383 2248 3449 την
2280 3354 2563 3429 ἐκείνων
2592 3350 2757 3430 ἰόν-

550 3482 667 3537 τες
697 3454 1130 3549 ὑπαντῶμεν
1161 3455 1438 3539 αὐτοῖς·
1491 3461 1635 3578 {oon
1683 3458 1760 3530 δὲ
1795 3454 1995 3580 ημεῖς
2040 3455 2243 3537 ὄντες
2272 3452 2753 3550 μαχούμεθα,

551 3555 640 3654 ἤν
669 3586 749 3632 τε
781 3554 1046 3633 ἐνθαδε
1079 3554 1413 3641 ἐπιόντας
1439 3554 1705 3641 αὐτους
1732 3553 2139 3651 δεχώμεθα,
2194 3557 2281 3655 ἤν
2314 3587 2396 3631 τε
2429 3565 2517 3633 ἐπ
2579 3559 2754 3634 ἐκεί-

553 3686 716 3741 νους
760 3656 989 3744 ἰόντες
1035 3690 1168 3760 την
1223 3657 1458 3759 μάχην
1514 3689 2011 3753 συναπτωμεν.
2117 3664 2294 3730 Nam
2350 3663 2755 3732 intervenire

554 3772 783 3854 potest
831 3766 1076 3856 aliquid
1094 3816 1113 3851 ‚
1178 3774 1251 3833 ut
1293 3789 1429 3834 non
1466 3775 1814 3860 pugnetur
1856 3763 2147 3859 omnino.
2250 3765 2583 3835 Adiiciam
2625 3766 2755 3834 alia
2799 3807 2807 3812 -

553 3869 881 3960 exempla.
928 3944 935 3951 J
985 3870 1319 3937 Homerus
1347 3869 1535 3941 lliad.
1564 3900 1630 3943 α.
1664 3868 1834 3936 340.

1738 4021 1983 4113 εἴποτε
2010 4015 2082 4093 δ’
2116 4015 2293 4092 αὖτε

754 4115 970 4216 χρειοῖ
1000 4127 1197 4211 ἐμεῖο
1229 4124 1522 4222 γένηται
1554 4119 1797 4197 οἷεικεά
1826 4115 2074 4214 λοιγόν
2108 4117 2388 4217 οἷμῦναι

752 4230 905 4306 τοῖς
931 4224 1187 4306 ἄλλοις.
1386 4250 1393 4255 ·

546 4373 960 4469 Siquando
987 4401 1102 4449 me
1141 4377 1586 4474 opusfuerit.
1693 4381 1966 4468 Nempe
2001 4376 2126 4446 erit
2155 4374 2514 4467 aliquando
2553 4396 2749 4469 opus,
