3284 5159
1276 380 1566 442 LlB.·II.
1659 382 1854 445 cAP.
1899 386 1961 449 7.
2634 394 2721 456 m

506 565 726 652 utine.
782 564 1098 643 Πλάτων
1131 562 1408 663 Νόμων
1437 564 1845 666 δωδεκάτῳ·
1897 570 2000 698 (p.
2035 567 2355 666 9581).)
2409 578 2556 649 eive
2598 607 2708 662 τις

507 669 807 770 θῆλυς
761 703 825 769 ῃ.
928 671 1395 765 Xenophontis
1426 673 1635 742 verba
1665 683 1847 743 sunt.
1901 703 1954 746 ω
1985 670 2389 771 Χρυσάντα
2409 728 2430 767 ,
2479 684 2706 775 μηδέν

508 803 588 849 σε
629 767 1047 851 λυπούντων
1100 782 1181 848 ,αἱ
1224 775 1363 848 τοῦ
1409 771 1804 896 Ἀσσυρίου
1850 773 2436 871 παρακελεύσεις·
2493 778 2705 855 οὐδε-

502 877 640 971 μία
670 904 810 999 γαρ
842 882 1039 950 ἐστιν
1056 874 1259 950 οὕτω
1288 870 1469 973 καλη
1505 877 1945 974 παραίνεσις,
1975 876 2137 1000 ἥτις
2162 909 2329 961 τους
2359 910 2461 1006 μη
2492 882 2708 966 ὄντας

506 977 829 1072 οἷγαθους
873 974 1301 1102 αυθήμερον
1355 975 1805 1061 ἄκουσαντας
1845 974 2169 1073 οἷγαθους
2205 978 2526 1074 ποιήσει’
2579 1014 2706 1060 ουκ

504 1112 596 1155 αν
638 1079 768 1156 οὖν
813 1076 1114 1165 τοξότας
1143 1111 1264 1174 γε,
1319 1085 1388 1154 εἰ
1410 1075 1518 1177 μή
1559 1084 1980 1207 ἔμπροσθεν
2021 1084 2249 1157 τοῦτο
2293 1082 2704 1184 μεμεληκό-

501 1213 618 1265 τες
661 1182 838 1263 εἷεν,
895 1181 1062 1257 οὐδὲ
1098 1179 1246 1280 μήν
1279 1179 1748 1274 ακοντιστοῖς,
1808 1182 1975 1258 ουδὲ
2010 1214 2160 1282 μην
2200 1190 2485 1269 ἱππέας,
2544 1187 2707 1264 οἱλλ

471 1285 671 1407 Ιουδὲ
708 1279 857 1410 μήν
888 1315 983 1359 τα
1028 1315 1107 1378 γε
1142 1314 1446 1377 σωματα
1477 1280 1763 1367 ἱκανους
1797 1294 2072 1376 πονεῖν,
2127 1293 2198 1362 εἰ
2232 1283 2340 1386 μή
2379 1285 2707 1384 προσθεν

503 1384 882 1514 ἠσκηκότες
925 1415 1076 1462 ωσι.
1181 1390 1372 1458 Plato
1414 1398 1638 1457 autem
1684 1391 1777 1458 sic
1823 1391 2085 1460 scribit:
2138 1392 2302 1486 περὶ
2321 1389 2709 1524 voisvrq'-

503 1519 768 1572 σαντας
794 1486 918 1615 δή,
967 1493 1111 1564 εἴτε
1141 1519 1250 1570 τις
1284 1490 1508 1588 αρ’ρην
1542 1495 1690 1565 εἴτε
1723 1518 1833 1572 τις
1865 1493 2086 1586 θῆλυς
2119 1489 2188 1590 ᾖ,
2242 1523 2337 1566 τα
2371 1497 2507 1586 μὲν
2542 1497 2706 1591 περὶ

501 1588 601 1668 τοῖ
628 1601 796 1668 θεῖα
829 1588 1112 1687 νόμιμα
1147 1594 1292 1666 ταῖν
1322 1620 1405 1666 τε
1438 1620 1577 1667 υπο
1614 1595 1736 1686 γῆς
1767 1595 1960 1668 θεων
1990 1596 2108 1666 καὶ
2136 1624 2282 1669 των
2312 1598 2510 1692 τῇδε,
2566 1596 2704 1672 ὅσα

499 1691 827 1793 προςήκει
847 1692 1241 1780 τελεῖσθάι,
1268 1723 1436 1774 τους
1456 1690 1792 1794 ἑξηγητας
1806 1696 2181 1788 γίγνεσθαι
2207 1700 2492 1792 κυρίους
2513 1696 2706 1817 ‹ppei-
2807 1730 2818 1751 s

497 1808 766 1886 ζοντας.
844 1798 952 1867 De
980 1822 1113 1888 quo
1157 1801 1309 1867 loco
1342 1798 1535 1868 infra.
1640 1798 1817 1870 Cum
1847 1798 2098 1868 Cratini
2130 1803 2349 1870 verbis
2385 1825 2708 1894 compara

497 1901 716 1993 Soph.
746 1900 1185 1993 Antig.710.

703 2017 866 2095 ἀλλ
896 2018 1165 2116 ἄνδρα,
1219 2021 1335 2094 κεῖ
1354 2015 1536 2116 τιςῇ
1571 2013 1835 2116 σοφός,
1889 2048 1976 2093 το
2008 2014 2420 2113 μανθανειν

701 2117 947 2212 πόλλ’,
1002 2117 1300 2219 αἰσχρόν
1340 2118 1569 2197 οὐδέν.

492 2261 586 2330 Vt
613 2250 950 2331 declarem
978 2284 1151 2351 quae
1178 2262 1347 2328 ratio
1377 2262 1462 2329 sit
1483 2259 1680 2328 huius
1714 2259 2237 2344 constructioni5‚
2291 2269 2439 2328 utar
2468 2283 2698 2329 exem-

489 2365 651 2457 plo,
701 2366 888 2457 qnod
922 2376 1022 2433 est
1048 2365 1116 2432 in
1154 2363 1334 2437 Oed.
1368 2365 1455 2432 R.
1487 2361 1657 2435 198.

818 2495 1199 2621 vdiei’yoip
1253 2503 1328 2628 εἴ
1368 2528 1444 2573 τι
1495 2494 1619 2583 νύξ
1671 2495 1867 2596 οἷφῇ,

489 2724 803 2816 Apparet
825 2723 961 2791 hoc
991 2731 1302 2813 quattuor
1329 2721 1544 2790 modis
1584 2721 1716 2790 dici
1742 2722 2062 2813 potuisse,
2114 2731 2230 2789 aut
2258 2722 2372 2806 sic,
2423 2731 2498 2789 ut
2528 2724 2696 2790 scri-

487 2829 625 2919 psit
667 2826 1085 2949 Sophocle3‚
1136 2834 1250 2893 a'ut
1284 2827 1359 2897 εἴ
1392 2853 1467 2896 τι
1501 2820 1835 2921 οἷφίησιν,
1887 2833 2002 2891 aut
2040 2826 2114 2899 εἴ
2147 2852 2221 2895 τι
2268 2820 2479 2921 αφείη
2498 2877 2526 2912 ,
2581 2835 2696 2892 aut
2741 2829 2782 2855 χ

490 2928 579 3026 ἤν
608 2957 683 3001 τι
713 2925 885 3025 ἀφῇ.
987 2929 1252 2997 Horum
1280 2927 1491 3013 illud,
1545 2929 1619 2998 εἴ
1651 2954 1730 2998 τι
1759 2922 2096 3023 ἀφίησιν,
2147 2926 2216 2995 si
2259 2926 2435 3016 quid
2469 2927 2693 2995 relin-
2821 3000 2827 3008 ,

492 3032 678 3124 quit,
724 3032 1109 3125 simpliciter
1139 3031 1228 3098 ad
1272 3031 1621 3099 veritatem
1664 3029 1822 3096 facti
1854 3029 2160 3099 refertur.
2256 3029 2582 3115 Alterum,
2629 3032 2703 3101 εἴ

486 3161 561 3207 τι
593 3130 837 3231 οἷφείη,
891 3134 958 3204 si
998 3134 1177 3226 quid
1207 3134 1598 3224 relinquat,
1640 3155 1788 3200 rem
1820 3131 2122 3222 profert,
2177 3139 2249 3196 ut
2282 3131 2349 3198 in
2394 3133 2537 3199 sola
2570 3154 2690 3199 co-

485 3237 807 3329 gitatione
832 3226 1153 3356 positam,
1200 3259 1335 3326 quo
1365 3235 1736 3309 excluditur
1762 3234 2038 3320 veritas,
2083 3241 2151 3301 et
2182 3232 2314 3300 hoc
2348 3234 2692 3302 dumtaxat

488 3339 744 3424 dicitur,
796 3340 864 3409 si
892 3341 1297 3432 relinquat,
1352 3338 1604 3432 quod
1577 3360 1729 3405 iam
1762 3337 2002 3405 animo
2036 3334 2543 3428 cogitabimus,
2596 3337 2691 3404 li-

488 3452 603 3512 cet
626 3441 969 3534 forsitan
1006 3467 1147 3512 non
1171 3441 1354 3538 fiat.
1460 3441 1766 3508 Tertium
1790 3443 1862 3511 εἴ
1884 3468 1956 3511 τι
1989 3435 2185 3533 α’φῇ,
2239 3439 2306 3507 si
2350 3441 2525 3532 quid
2568 3462 2691 3508 re-

486 3545 812 3638 liquerit,
880 3556 1263 3639 respectum
1325 3543 1836 3635 comprehendit
1893 3542 2373 3633 experientiae,
2443 3566 2687 3634 exspe-

485 3649 936 3737 ctandumque
984 3673 1128 3718 esse
1172 3647 1461 3732 indicat,
1513 3655 1588 3714 ιιι
1627 3647 1956 3734 relinquat
2000 3653 2113 3712 aut
2158 3667 2292 3711 non
2337 3646 2685 3735 relinquat.

481 3751 660 3819 Huic
687 3752 930 3836 simile,
985 3752 1108 3819 sed
1146 3751 1415 3837 minime
1452 3758 1680 3816 tamen
1721 3749 1904 3816 idem
1948 3756 2048 3816 est
2080 3757 2423 3836 quartum,
2480 3747 2566 3842 ἦν
2611 3775 2689 3818 τι

482 3851 663 3949 α’φῇ,
717 3853 783 3922 si
813 3853 989 3944 quid
1014 3853 1230 3947 sorte
1256 3852 1651 3944 reliquerit.
1733 3853 1909 3919 Nam
1941 3849 2076 3917 hoc
2106 3851 2228 3917 etsi
2256 3850 2497 3917 eodem
2532 3872 2686 3916 cum

479 3965 794 4047 respectu
827 3957 1275 4048 experientiae
1319 3956 1578 4040 dicitnr,
1631 3963 1878 4038 tamen,
1931 3954 2087 4043 quia
2120 3975 2248 4043 per
2287 3952 2686 4044 particulam

480 4056 571 4129 ἄν
596 4060 942 4126 imminuta
975 4069 1076 4128 est
1117 4068 1186 4127 et
1215 4059 1499 4127 debilior
1529 4058 1709 4125 facta
1736 4058 1833 4125 vis
1862 4055 2682 4147 particulaeconditiona-

476 4160 577 4246 lis,
622 4161 789 4229 illud
827 4162 1122 4246 accedit,
1175 4174 1250 4230 ιιι
1282 4163 1557 4230 forsitan
1590 4183 1724 4228 nox
1751 4158 2001 4248 aliquid
2029 4158 2372 4244 relictura,
2410 4160 2519 4226 vel
2550 4181 2684 4225 non

475 4265 787 4332 relictura
841 4265 1271 4356 significetur.
1374 4264 1457 4330 ld
1504 4286 1639 4330 non
1682 4272 1781 4329 est
1836 4264 1903 4329 in
1950 4261 2068 4328 illo
2117 4262 2190 4331 εἴ
2224 4288 2300 4333 τι
2349 4254 2473 4343 mig
2513 4257 2686 4355 οἷᾳῇ,

473 4365 542 4433 ἰιι
570 4390 707 4457 quo
737 4367 896 4457 quia
928 4390 1062 4436 non
1104 4367 1370 4435 accedit
1410 4366 1574 4434 illud
1585 4364 1963 4460 forsitan,
2018 4363 2260 4432 certior
2306 4372 2406 4432 est
2440 4372 2509 4432 et
2544 4364 2687 4430 for-

2211 4479 2284 4552 G
