3284 5159
478 440 483 453 “
577 447 732 517 ‚las
837 414 846 422 ’
1316 443 1432 505 os
1486 441 2031 511 mna-mvn
2073 437 2219 509 εν)

602 634 740 703 sive
767 633 1108 703 omittatur
1133 630 1245 707 ἄν.
1346 635 1592 727 Longe
1620 657 1786 704 vero
1820 635 1985 704 alius
2023 634 2293 727 generis
2334 644 2487 705 sunt
2519 635 2657 707 duo
2694 637 2827 709 loci

598 738 669 805 in
704 737 1069 832 Sophoclis
1107 736 1286 817 Oed.
1323 736 1651 807 Coloneo.
1754 738 1858 807 lbi
1889 763 1953 808 v.
1991 736 2160 810 188.
2195 739 2479 833 legitur:

932 890 1062 985 ἄγε
1087 891 1220 967 νῦν
1254 886 1343 965 σῦ
1365 920 1500 986 με,
1550 898 1726 982 παῖ,

932 992 1034 1068 ἵν’
1071 995 1162 1069 ἄν
1208 992 1533 1090 εὐσεβίας
1565 994 2066 1090 ἐπιβαίνοντες

926 1092 1021 1172 ‘to‘
1057 1099 1195 1193 μὲν
1234 1100 1588 1192 εἴπωμεν,
1631 1093 1727 1172 τό
1759 1095 1833 1172 δ’
1869 1094 2291 1193 ἀκούσωμεν
2302 1154 2333 1190 ,

1013 1202 1134 1275 καὶ
1159 1196 1268 1302 μή
1296 1201 1504 1298 χρεία
1535 1202 1985 1294 πολεμῶμεν.ι

597 1355 676 1423 Ῑιι
711 1363 1061 1448 postremo
1097 1355 1308 1423 verbo
1351 1356 1773 1424 consentiunt
1804 1355 1954 1423 libri
1971 1404 1992 1442 ,
2044 1379 2175 1447 pro
2207 1356 2545 1447 prioribus
2591 1364 2821 1427 autem

599 1460 1031 1549 coniunctiyis
1063 1467 1132 1527 et
1159 1459 1458 1527 Triclinii
1483 1459 1784 1527 recensio
1800 1510 1821 1545 ,
1874 1468 1943 1527 et
1981 1460 2184 1551 pauci
2215 1482 2300 1527 ex
2331 1461 2817 1551 antiquioribus

597 1561 802 1634 codd.
847 1563 1186 1655 optativos
1233 1563 1601 1656 praebent,
1653 1563 2103 1659 probantibus
2146 1562 2562 1632 Doederlino
2612 1575 2836 1655 atque,

593 1665 942 1740 Elmsleio.
1013 1667 1090 1734 Si
1119 1675 1303 1734 recte
1335 1690 1407 1734 se
1437 1665 1647 1734 hahet
1671 1664 1790 1757 ἄν,
1833 1665 2207 1759 reponendi
2239 1690 2398 1735 sane
2425 1676 2577 1736 sunt
2611 1678 2818 1760 opta-

594 1770 711 1838 tivi
768 1771 1099 1863 εἴποιμεν
1144 1778 1212 1840 et
1256 1762 1739 1860 ἀκούσαιμεν,
1808 1777 1927 1842 ἵνα
1977 1779 2200 1838 autem
2241 1770 2819 1863 interpretandum

595 1871 756 1943 ubi.-
812 1873 958 1943 duc
1002 1896 1117 1943 me
1153 1894 1272 1961 eo,
1339 1870 1461 1941 ubi
1505 1873 1718 1941 aliud
1761 1873 2006 1941 dicere
2036 1873 2200 1966 pie,
2267 1873 2481 1944 aliud
2550 1877 2819 1946 audire

579 1975 972 2072 possimus.
1080 1976 1224 2046 Sed
1262 1978 1355 2044 ita
1398 1997 1533 2044 non
1581 1985 1745 2068 apte
1799 1977 2244 2070 subiungetur
2294 1978 2414 2052 καὶ
2461 2005 2565 2074 μη
2606 1980 2815 2076 χρείᾳ

524 2066 534 2079 ’
590 2080 1059 2173 πολεμῶμεν,
1111 2079 1299 2170 quod
1327 2078 1609 2147 deberet
1644 2073 2152 2175 πολεμήσομεν
2184 2079 2335 2150 dici.
2437 2082 2554 2150 Ad
2579 2082 2650 2149 id
2678 2107 2816 2153 non

591 2182 877 2251 attendit
908 2183 961 2250 1.
1002 2183 1259 2252 Bakius
1296 2204 1504 2272 quum
1547 2183 1614 2250 in
1658 2183 1823 2257 bibl.
1863 2184 2006 2251 crit.
2043 2207 2221 2253 nova
2251 2184 2385 2259 vol.
2416 2183 2467 2257 l.
2498 2208 2571 2277 p.
2605 2183 2725 2256 16.
2759 2212 2811 2256 s,

588 2284 836 2354 mihi
787 2314 878 2360 αν
910 2287 977 2354 in
1009 2282 1148 2380 ἅμ’
1185 2286 1488 2374 mutanti,
1534 2295 1603 2354 et
1634 2289 1846 2355 tuenti
1871 2287 2325 2357 coniunctivos
2354 2311 2436 2356 ea
2463 2291 2811 2380 opposuit,
2859 2309 2864 2313 ’

589 2412 803 2480 quae,
858 2390 913 2457 si
949 2389 1025 2457 id
1050 2390 1247 2458 huius
1285 2391 1420 2457 loci
1453 2399 1665 2479 esset,
1719 2390 1918 2458 facile
1951 2414 2156 2480 quam
2182 2386 2427 2483 parurn
2455 2392 2653 2460 firma
2684 2395 2814 2462 sint

584 2514 862 2664 1)οέῗὲ
927 2493 1303 2564 ostendere.
1408 2493 1563 2565 Alia
1613 2502 1716 2564 est
1760 2494 2027 2563 alterius
2086 2495 2220 2564 loci
2269 2497 2440 2565 ratio
2457 2548 2479 2587 ,
2548 2497 2665 2588 qui
2710 2507 2812 2566 est

583 2617 645 2665 v.

789 2743 1064 2825 τοῦτου
1093 2743 1307 2847 χάριν
1340 2748 1590 2823 τοίνυν
1625 2775 1706 2821 σε
1741 2751 2197 2844 προςθέσθαι
2225 2753 2440 2833 πέλας

793 2849 1025 2952 χώρας
1056 2856 1362 2928 θέλουσι
1382 2903 1400 2931 ,
1454 2847 1633 2951 μηδ’
1666 2847 1765 2926 ἵν’
1807 2851 1899 2928 ἄν
1925 2854 2205 2928 σαυτοῦ
2229 2855 2510 2953 κρατῇς.

583 3009 686 3076 Ita
711 3007 864 3074 libri
894 3031 1148 3082 omnes,
1255 3005 1702 3076 Scholiastes:
1753 3006 1938 3102 μηδὲ
1977 3006 2107 3080 ἑοῖν
2136 3034 2215 3080 σε
2247 3005 2433 3081 ὅπου
2462 3007 2553 3082 ἄν
2590 3014 2806 3082 σεαυ-

586 3110 726 3184 τοῦ
787 3104 1183 3203 ἑξουσιοῖση.
1247 3109 1475 3183 λείπει
1533 3102 1629 3184 το
1679 3109 1805 3184 ἐοῖν
1848 3109 2071 3206 ῥῆμα.
2125 3108 2174 3207 ἢ
2216 3105 2368 3183 cluo*
2418 3111 2672 3185 κοινοῦ
2711 3106 2805 3185 τό

580 3215 1066 3308 προςθέσθαι.
1172 3215 1251 3284 Si
1283 3215 1740 3310 προς-θέσθαι
1773 3213 2244 3304 repetendum,
2299 3214 2568 3283 omnino
2602 3216 2803 3283 scribi

583 3316 900 3406 debebit,
967 3316 1156 3407 quo‘d
1197 3316 1521 3385 Elmsleio
1567 3316 1848 3406 aliisque
1898 3316 2168 3407 placet,
2243 3313 2346 3390 ἵν’
2388 3317 2480 3391 ἄν
2525 3321 2804 3401 σαυτοῦ

580 3425 891 3514 κρατοῖς.
996 3422 1177 3488 Nam
1209 3420 1668 3516 προςθέσθαι
1704 3419 2007 3489 futurum
2046 3429 2317 3514 tempus
2361 3423 2674 3511 requirit,
2727 3431 2802 3490 ut

581 3531 696 3590 aut
732 3528 849 3594 ἵνα
857 3519 1264 3646 κρατήσεις
1296 3521 1659 3591 dicendum
1700 3524 1818 3611 sit,
1871 3532 1987 3591 aut
2026 3530 2145 3597 ἴνα
2183 3531 2478 3619 κρατοῖς
2505 3523 2617 3597 ἄν.
2723 3526 2800 3594 Si

580 3648 744 3694 vero
802 3625 929 3700 ἑᾶν
958 3635 1058 3694 est
1102 3619 1675 3718 intelligendum,
1693 3635 1770 3694 ut
1810 3649 2017 3718 saepe
2062 3627 2272 3699 verba
2318 3629 2648 3696 contraria
2697 3628 2796 3716 iis,

577 3751 756 3820 quae
787 3738 941 3797 ante
977 3731 1199 3822 posita
1233 3738 1453 3827 erant,
1505 3730 1810 3823 suppleri
1854 3729 2139 3820 debent,
2194 3730 2282 3800 de
2324 3755 2460 3821 qua
2499 3755 2575 3800 re
2615 3756 2679 3800 v.
2723 3742 2798 3800 ut

580 3833 670 3900 de
694 3834 917 3902 multis
944 3856 1153 3904 unum
1185 3821 1543 3917 nominem,
1572 3832 2080 3903 Erfurdtiumin
2102 3834 2209 3903 ed.
2226 3836 2385 3904 min.
2405 3833 2583 3904 Oed.
2603 3835 2690 3906 R.
2707 3836 2796 3903 ad

576 3957 641 4004 v.
687 3934 859 4004 242.
906 3945 1092 4005 recte
1129 3960 1201 4005 se
1234 3934 1598 4004 habebit
1559 3931 1665 4008 ιν’
1716 3964 1809 4009 αν
1855 3938 2154 4036 κρατῇς,
2223 3939 2382 4029 quia
2421 3946 2566 4007 tum
2605 3939 2793 4006 locus

576 4048 679 4108 est
712 4039 937 4108 futuro
966 4051 1235 4110 exacto:
1287 4062 1430 4108 non
1462 4030 1707 4107 autem
1735 4039 1977 4115 sinere
2001 4043 2245 4114 vivere
2277 4039 2533 4137 quibus
2573 4042 2649 4111 ι’τι
2682 4042 2792 4112 lo-

574 4143 683 4214 cis
717 4152 787 4213 te
816 4144 921 4214 tm·
948 4144 1134 4215 iuris
1162 4165 1324 4215 esse
1348 4142 1852 4213 intellexerint.

1490 4419 1905 4430 *—
