3284 5159
1198 442 1368 505 Lm.
1418 444 1499 505 11.
1583 444 1780 507 CAP.
1824 450 1887 512 9.
2528 451 2651 514 111

445 633 720 704 defendi
745 639 995 725 potest,
1035 640 1260 702 tamen
1293 656 1435 702 non
1465 635 1922 726 praetulerim.
2026 635 2237 722 Quod
2266 638 2517 709 editum
2551 652 2653 712 est

445 744 569 817 ἕως
619 735 709 809 ἅν
726 787 747 826 ,
799 745 1018 806 metro
1062 746 1398 828 repugnat
1421 788 1442 823 ‚
1493 762 1619 807 nec
1669 739 1951 830 prodest
1994 741 2390 830 sententiae,
2441 746 2649 835 siqui-

443 841 604 908 dem
642 841 777 906 iam
811 839 995 907 facto
1030 840 1544 930 comprobatum
1587 851 1688 910 est
1733 842 1900 910 illud
1929 845 2308 932 oraculum,
2367 849 2650 920 florente

440 943 683 1035 populi
713 943 941 1011 studiis
972 943 1099 1010 isto
1128 942 1600 1036 Paphlagone.
1703 945 2083 1037 Sophocles
2115 947 2368 1022 Trach.
2403 949 2573 1024 1472

646 1089 812 1170 αλλ
845 1091 1134 1188 ηδοναΐς
1163 1092 1504 1187 ἄμοχθον
1535 1094 1795 1192 ἐξαίρει
1819 1097 1987 1190 βίον

646 1202 714 1278 ἐς
743 1194 1008 1286 τοῦθ’,
1051 1203 1175 1278 ἕως
1204 1224 1314 1279 τις
1344 1193 1511 1270 dmi
1544 1203 1923 1326 παρθένου
1958 1193 2137 1296 γυνῆ

642 1300 875 1398 κληθῇ
889 1348 910 1384 ,
962 1295 1147 1396 λάβῃ
1180 1328 1226 1371 τ
1289 1305 1365 1374 ἐν
1394 1301 1592 1374 νυκτί
1623 1301 2032 1397 φροντίδων
2059 1304 2319 1401 μέρος,

646 1401 815 1500 ἤτοι
842 1397 1020 1500 node
1049 1395 1309 1498 α’νδρός
1343 1402 1388 1498 ἢ
1423 1404 1688 1476 τέκνων
1718 1408 2158 1505 φοβουμένη.

442 1554 666 1624 Multo
708 1556 927 1647 magis
967 1562 1192 1624 autem
1230 1564 1392 1646 apta
1440 1564 1543 1625 est
1585 1555 1760 1627 haec
1796 1558 2000 1647 ratio,
2051 1556 2168 1628 ubi
2208 1559 2297 1629 de
2333 1585 2410 1630 re
2442 1586 2650 1654 prae-

444 1669 666 1748 sente,
717 1660 1011 1750 ideoque
1038 1667 1255 1747 certa,
1295 1682 1516 1729 sermo
1552 1671 1671 1730 est.
1775 1660 2114 1731 Homerus
2142 1662 2335 1732 Iliad.
2369 1685 2447 1761 ψ.
2472 1665 2596 1741 46.

1268 1810 1420 1886 ἐπεὶ
1452 1812 1541 1888 οὔ
1571 1811 1663 1907 μ’
1689 1814 1800 1899 ἔτι
1828 1807 2168 1906 δεύτερον
2195 1811 2333 1892 ὦδε

646 1907 824 1995 ἵξετ’
853 1909 1027 2003 ἄχος
1059 1912 1397 2012 κραδίην,
1453 1915 1652 2016 ὄφρα
1685 1912 1928 2006 {docco
1956 1915 2241 2012 μετείω.

443 2047 825 2140 Sophocles
859 2049 1136 2118 Electra
1157 2073 1223 2123 v.
1255 2049 1428 2126 223.

646 2179 809 2260 οἷλλ
839 2189 917 2259 ἐν
946 2213 1087 2283 γαρ
1116 2189 1372 2271 δεινοῖς
1403 2214 1490 2262 ου
1523 2182 1757 2288 σχήσω

642 2281 917 2369 ταύτας
941 2287 1155 2375 ἄτας,

646 2388 843 2488 ὄφρα
877 2417 972 2483 με
995 2391 1227 2484 βίος*
1183 2420 1326 2490 εχῃ.

441 2522 802 2618 Euripides
836 2525 1081 2598 Oreste
1110 2553 1173 2604 v.
1206 2529 1377 2599 237.
1433 2526 1642 2621 (231.
1673 2526 1897 2619 Pors.)

647 2679 864 2753 ἄκουε
864 2675 982 2808 ι..δη
1007 2681 1169 2772 νῦν,
1224 2712 1277 2755 ω
1318 2680 1744 2802 κασίγνητον
1770 2673 2002 2804 κάρα,

649 2788 774 2863 ἕως
803 2783 968 2857 ἐῶσί
993 2811 1036 2857 σ
1094 2780 1178 2858 εὖ
1201 2790 1496 2882 φρονεῖν
1529 2775 1914 2880 Ἐριννύες.

445 2934 875 3026 Quamquam
896 2936 1010 3004 hic
1041 2937 1314 3027 quidem
1348 2938 1547 3006 etiam
1573 2936 1963 3005 indicativus
1994 2957 2141 3006 esse
2164 2942 2406 3028 potest.
2463 2935 2653 3006 Con-

443 3045 551 3107 tra
583 3038 739 3107 vide
769 3039 988 3107 illud
968 3064 1036 3108 m
1062 3040 1282 3133 Soph.
1329 3038 1507 3110 oed.
1536 3041 1741 3134 Rege
1771 3037 1943 3108 834.

652 3189 826 3287 ημῖν
853 3193 1036 3285 μὲν,
1091 3189 1312 3277 ὦναξ,
1363 3187 1586 3268 ταῦτ’
1612 3184 1892 3288 ἀνήρ’·
1947 3195 2071 3271 ἕως
2102 3192 2172 3264 δ’
2205 3185 2296 3262 ἄν
2330 3213 2462 3262 ουν

651 3288 829 3391 πρός
853 3296 992 3368 τοῦ
1021 3290 1383 3392 παρόντος
1412 3288 1772 3391 ἐκμάθῃς,
1827 3293 1905 3384 ἔχ
1917 3289 2237 3367 ἐλπίδα.

446 3447 776 3517 Incertum
815 3457 915 3516 est
952 3448 1166 3533 enim,
1218 3471 1306 3516 an
1348 3449 1431 3517 sit
1471 3447 1812 3516 auditurus
1853 3447 1985 3516 ille.
2090 3445 2234 3516 Sed
2273 3462 2474 3512 nemo
2519 3463 2657 3512 non
2785 3504 2791 3510 .

445 3550 661 3636 videt,
739 3553 862 3619 etsi
908 3498 1231 3619 omittit’m·
1279 3550 1370 3623 ἄν
1432 3552 1499 3619 in
1544 3573 1620 3618 re
1675 3558 1860 3618 certa
1911 3547 2328 3641 designanda
2347 3597 2368 3632 ‚
2430 3554 2658 3614 tamen

446 3654 656 3721 multa
690 3676 835 3722 esse
860 3655 953 3722 ita
982 3663 1406 3745 comparata,
1456 3662 1531 3721 ut
1562 3676 1700 3721 non
1729 3653 1857 3720 sint
1889 3653 2270 3721 necessario
2299 3672 2428 3742 pro
2458 3644 2654 3716 certis
2709 3648 2740 3675 ²⁸

446 3757 557 3825 vel
585 3758 853 3827 incertis
887 3757 1258 3830 afferenda.
1324 3757 1561 3847 ltaque
1592 3779 1731 3831 non
1758 3757 1998 3824 mirum
2026 3765 2158 3841 est,
2210 3755 2264 3823 si
2294 3750 2655 3841 aliquando
2711 3754 2718 3761 ’

449 3859 649 3926 etiam
692 3860 944 3931 incerta
988 3867 1061 3928 ut
1106 3869 1326 3946 certa,
1378 3882 1580 3951 saepe
1622 3867 1849 3927 autem
1889 3868 2071 3929 certa
2098 3866 2174 3925 ut
2212 3857 2462 3925 incerta
2486 3875 2649 3945 pro-

446 3960 769 4031 feruntur.
843 3964 1078 4032 Prouti
1115 3964 1291 4032 enim
1320 3963 1736 4049 consideres,
1788 3962 1963 4030 hanc
1991 3961 2101 4030 vel
2129 3961 2325 4028 aliam
2360 3957 2657 4050 speciem

445 4060 812 4137 habebunt.
910 4065 1014 4133 lta
1073 4066 1261 4157 quod
1305 4087 1389 4134 ex
1428 4065 1705 4134 Electra
1752 4064 2114 4156 Sophoclis
2153 4063 2485 4131 attulimus
2499 4107 2520 4148 ,
2586 4059 2656 4127 in

449 4168 690 4237 eadem
719 4168 950 4236 fabula
978 4192 1040 4237 v.
1076 4166 1246 4239 103.
1280 4191 1435 4236 cum
1464 4166 1871 4260 particula*
1819 4195 1912 4241 αν
1938 4168 2194 4236 dictum
2207 4175 2345 4235 est:

652 4316 816 4394 ἀλλ’
851 4349 936 4396 ου
917 4317 1101 4445 'fter
1130 4313 1220 4418 δη
1245 4312 1424 4414 λη’ξω
1457 4315 1751 4420 θρήνων

654 4449 1010 4523 στυγερων
1062 4451 1145 4498 τε
1193 4418 1419 4518 γόων,
