3284 5159
1185 431 1880 499 Lm.1.cA1’.12.
2577 433 2667 497 Β

352 675 357 682 ,
448 626 630 695 facto
663 644 841 715 opus
883 630 1060 692 esset
1096 623 1442 747 exposuit.
1494 618 1718 698 ταῦτ’
1749 617 1838 723 ἤν
1872 616 1957 697 εὖ
1998 617 2472 719 φρονούντων
2522 618 2663 698 άν-

448 721 763 825 θραὶπων
778 781 808 817 ,
859 720 1399 824 ἐπηρεαζόντων
1442 727 1519 800 δέ
1547 727 1669 802 καὶ
1698 720 2289 823 διαφθειρόντων
2320 721 2422 800 τοὶ
2461 720 2664 824 πρά-

452 858 735 925 γματα,
781 825 845 901 δι’
864 830 992 902 νῦν
1036 826 1248 902 οὗτοι
1288 830 1601 905 ποιοῦσι.
1711 830 1926 900 Recte
1964 837 2219 914 vertas,
2268 838 2346 899 ut
2387 831 2662 900 omuino

450 935 568 1014 ubi
596 934 916 1002 omissum
943 940 1046 1001 est
1078 929 1210 1015 ἄν,
1258 955 1391 1024 per
1420 932 1884 1003 indicativum:
1935 931 2075 1002 hoe
2102 941 2273 1004 erat
2297 933 2664 1006 homimem

451 1036 906 1131 sapientium.
1011 1037 1170 1104 Non
1204 1044 1435 1127 potest
1479 1037 1656 1105 euim
1697 1035 1993 1128 opponi,
2048 1044 2133 1105 at
2180 1059 2324 1106 non
2373 1046 2486 1107 est
2531 1059 2659 1108 sa-

441 1140 827 1235 pientium,
907 1138 1068 1225 sed,
1154 1147 1238 1208 at
1288 1161 1433 1208 non
1482 1138 1776 1233 facitis.
1891 1138 2088 1207 Idem
2156 1139 2244 1209 de
2305 1140 2479 1209 falsa
2518 1141 2659 1234 leg.

448 1267 523 1337 p.
566 1241 742 1331 395,
778 1242 899 1319 14.
943 1240 1186 1314 καίτοι
1226 1240 1345 1314 καί
1370 1231 1582 1316 ταλλ’
1613 1271 1705 1315 αν
1746 1240 1991 1315 ἅπαντ’
2000 1236 2467 1325 ὀἷκολούθως
2494 1238 2663 1317 τού-

450 1373 605 1429 τοις
630 1348 1099 1470 ἐπέπρακτο,ν
1119 1346 1193 1418 εἴ
1214 1371 1327 1425 τις
1353 1339 1696 1419 ἐπείθετό
1720 1372 1875 1439 μοι.
1911 1340 2009 1417 οὐ
2023 1369 2162 1439 γαρ
2192 1347 2409 1468 ἔγωγε
2438 1342 2664 1428 οὕτως

449 1445 554 1573 ἦν
573 1448 835 1530 ἅθλιος
868 1443 1018 1521 οὐδ’
1047 1445 1332 1542 ἄφρων..
1384 1444 1557 1577 ὥξτε
1584 1443 1928 1543 χρήματα
1954 1447 2095 1540 μὲν
2121 1439 2437 1538 διδόναι,
2475 1451 2664 1542 λαμ-

451 1545 815 1677 βάνρντας
851 1549 1042 1648 ὀροῖν
1074 1552 1385 1674 ἐτέρους,
1415 1548 1594 1672 ὑπὲρ
1621 1552 1751 1644 τῆς
1777 1544 1957 1647 πρός
1984 1547 2173 1642 ὑμᾶς
2202 1550 2661 1646 φιλοτιμίας·

455 1655 505 1728 ὁὶ
542 1652 612 1729 δ
643 1653 818 1728 ἄνευ
847 1653 986 1747 μὲν
1032 1646 1351 1749 δαπάνης
1380 1646 1503 1725 οἶά
1546 1657 1626 1725 τ’
1667 1649 1755 1742 ἦν
1783 1652 2255 1749 πραχθῆναι,
2309 1653 2552 1749 πολλῷ
2585 1653 2666 1727 δέ

451 1756 780 1851 μείζονας
812 1752 1155 1852 ω’φελείας
1183 1751 1327 1845 εἶχε
1358 1747 1553 1852 πάσῃ
1587 1755 1683 1851 τῇ
1709 1750 1950 1841 πόλει,
2003 1751 2223 1828 ταῦτ
2260 1760 2391 1830 οὐκ
2427 1725 2665 1854 ἠβου-

450 1854 684 1957 λόμην
731 1861 1095 1953 γενέσθαι.
1198 1857 1392 1926 Initio
1441 1859 1670 1951 posuit
1712 1857 1840 1947 ἄν,
1905 1858 2063 1949 quio
2115 1858 2522 1954 oppositum
2563 1867 2665 1929 est

452 1958 611 2037 ἀλλ’
655 1959 744 2036 οὐ
777 1964 1211 2054 πέπρακται.
1313 1960 1488 2029 Mox
1515 1983 1681 2030 vero
1714 1961 1964 2030 omisit.
2028 1983 2251 2052 neque
2293 1962 2478 2031 enim
2526 1985 2686 2055 opae

451 2067 745 2160 positum
792 2066 1159 2158 cogitatur,
1202 2062 1335 2158 fia·
1393 2064 1506 2134 ita
1552 2065 1859 2150 stultus,
1929 2064 2088 2150 sed,
2132 2062 2302 2159 fici
2350 2064 2539 2153 ista,
2589 2074 2667 2135 et

451 2169 826 2263 sapienter
853 2167 1164 2262 quidem.
1265 2165 1460 2237 Idem
1501 2167 1590 2237 de
1635 2190 1888 2238 corona
1911 2191 1986 2262 p.
2022 2115 2212 2255 2⁹93,
2229 2167 2386 2237 12.
2439 2165 2574 2241 καὶ
2597 2170 2666 2243 εἰ

454 2273 585 2346 νῦν
631 2272 858 2369 τριῶν
883 2296 1173 2370 ημερων
1214 2264 1367 2344 α’πο
1390 2270 1517 2370 τῆς
1540 2267 1888 2368 Ἀττικῆς
1922 2265 2098 2345 όδον
2126 2270 2254 2369 τῆς
2282 2262 2520 2393 μάχης
2548 2297 2664 2365 γε·

453 2376 787 2472 νομένης,
839 2374 1192 2455 τοσοῦτος
1223 2371 1547 2455 κίνδυνος
1576 2373 1695 2448 καὶ
1732 2372 1966 2499 φόβος
1996 2376 2335 2496 περιέστη
2359 2366 2499 2470 τήν
2531 2367 2665 2448 πό·

454 2481 614 2568 λιν,
667 2477 744 2550 τί
772 2473 892 2566 ἄν,
947 2478 1022 2549 εἴ
1047 2501 1190 2550 που
1218 2476 1521 2574 πλησίον
1558 2476 1688 2574 τῆς
1725 2469 1957 2573 χώρας
1984 2469 2222 2552 ταῦτο
2250 2476 2479 2550 τοῦτο
2509 2471 2665 2549 πά-

452 2588 586 2661 θος
613 2581 898 2673 συνέβη,
952 2577 1427 2676 προςδοκῆσαι
1457 2579 1682 2675 χρῆν·
1652 2634 1677 2672 ,
1729 2581 1888 2649 Non
1920 2580 2097 2649 enim
2131 2579 2452 2672 oportuit,
2503 2580 2664 2671 quia

452 2704 587 2751 non
627 2691 729 2751 est
772 2681 939 2750 illud
986 2682 1276 2768 factum,
1351 2705 1490 2772 quo
1534 2682 1719 2751 facto
1772 2683 2197 2775 oportuisset.
2297 2682 2454 2751 Alia
2491 2683 2663 2752 ratio

456 2795 560 2854 est
583 2785 779 2853 huius
817 2785 1005 2853 loci
986 2808 1054 2853 m
1085 2784 1386 2876 Philipp.
1423 2785 1541 2853 ΠΙ.
1567 2808 1642 2878 p.
1672 2784 1846 2875 112,
1877 2779 1949 2853 5.
1986 2812 2051 2858 ει
2085 2784 2225 2877 μὲν
2257 2777 2388 2857 οὖν
2414 2811 2663 2859 απαν-

456 2914 572 2968 τες
594 2885 1138 3013 ωμολογοῦμεν
1184 2887 1550 2963 Φίλιππον
1590 2886 1687 2981 τῆ
1728 2881 1935 2961 πόλει
1979 2888 2323 2979 πολεμεῖν
2357 2886 2481 2958 καὶ
2523 2912 2664 2983 την

455 2983 738 3088 εἰρήνην
766 2986 1295 3085 παραβαίνειν,
1351 2985 1562 3063 οὐδὲν
1601 2985 1777 3063 ἄλλο
1807 2991 1956 3065 ἔδει
1992 3016 2127 3063 τον
2157 2980 2527 3085 παριόντα
2554 2989 2664 3064 λε’-

454 3119 613 3186 γειν
641 3092 763 3165 και
795 3088 1357 3214 συμβουλεύειν,
1409 3089 1458 3190 ἢ
1488 3087 1678 3172 ὅπως
1705 3087 2226 3187 ἀσφαλέστατα
2261 3089 2382 3163 καὶ
2422 3097 2662 3216 ρᾳστα
2711 3165 2722 3173 ,

458 3222 693 3268 αυτον
721 3185 1245 3317 οἷμυνουμεθα·
1300 3186 1550 3291 ἐπειδη
1589 3189 1664 3265 δ
1693 3192 1921 3276 οὕτως
1944 3188 2234 3275 άτόπως
2269 3194 2457 3268 ἔνιοι
2490 3188 2663 3267 διά-

455 3322 760 3389 κεινται,
792 3323 964 3379 ωςτε
987 3288 1230 3377 πόλεις
1244 3289 1942 3390 καταλαμβάνοντος
1968 3295 2268 3385 ἐκείνου,
2297 3296 2417 3368 καὶ
2430 3290 2666 3371 πολλα

455 3426 601 3473 των
631 3396 1069 3495 υμετέρων*
1025 3425 1362 3489 exon-oc,
1409 3399 1529 3498 καὶ
1558 3392 1839 3482 πάντας
1863 3393 2298 3523 ἀνθρώπους
2322 3394 2659 3473 άδικοῦν-

455 3527 606 3591 τος,
623 3498 1020 3592 οἱνέχεσθαί
1039 3528 1260 3576 τινων
1288 3503 1365 3577 ἐν
1392 3507 1552 3583 ταῖς
1584 3500 1972 3626 ἐκκλησίαις
2000 3494 2358 3596 λεγόντων
2379 3495 2663 3576 πολλά-

455 3628 589 3693 κις,
622 3600 713 3685 ὥς
734 3629 941 3701 ημων
954 3603 1146 3685 τινές
1161 3606 1344 3679 εἰσιν
1369 3610 1446 3678 οι
1457 3604 1839 3686 ποιοῦντες
1856 3633 1991 3680 τον
2016 3599 2362 3697 πόλεμον,
2391 3597 2662 3701 ἀνάγκη

455 3700 968 3802 φυλάττεσθαι
1001 3704 1121 3779 καὶ
1159 3706 1658 3803 διορθοῦσθαι
1696 3708 1862 3804 περὶ
1898 3701 2193 3782 τούτου.
2255 3706 2491 3776 Videri
2519 3729 2649 3799 po-

453 3816 589 3878 test
625 3808 739 3878 hie
791 3808 1181 3879 addendum
1219 3810 1424 3880 fuisse
1479 3808 1617 3899 ἄν,
1671 3812 1833 3903 quia
1872 3811 2131 3904 opponi
2172 3818 2434 3904 potest,
2497 3804 2661 3882 ἀλλ’

457 3907 547 3986 οὖ
574 3915 690 3986 δεῖ
712 3908 924 3987 ουδέν
952 3909 1129 3987 ἄλλο
1167 3915 1418 4007 λέγειν.
1521 3913 1755 3984 Nihilo
1787 3914 2006 3983 miuus
2044 3922 2229 3983 recte
2275 3912 2517 3982 omissa
2557 3922 2662 3981 est

450 4016 799 4109 ΜΨ*
900 4016 1145 4107 Neque
1173 4017 1350 4085 euim
1380 4017 1475 4086 sie
1501 4016 1781 4111 intelligi
1807 4016 1984 4087 haee
2006 4017 2217 4085 voluit
2246 4012 2659 4085 Demosthe-
2729 4047 2734 4052 -
2811 4010 2821 4020 '

450 4138 593 4206 nes,
642 4118 767 4188 sed
808 4139 1020 4210 quum
1068 4120 1232 4190 velit
1270 4119 1669 4215 Philippum
1714 4120 1803 4191 ab
1843 4118 2149 4190 omuibus
2172 4118 2440 4189 hostem
2480 4117 2658 4187 iudi-

450 4222 588 4291 cari
602 4272 624 4312 ‚
672 4221 1243 4313 vehementerque
1280 4223 1626 4318 improbet
1655 4246 1806 4313 eos,
1850 4223 1966 4317 qui
2002 4224 2193 4293 aliter
2230 4222 2549 4309 sentiant,
2590 4220 2662 4293 111

447 4320 628 4395 haue
668 4326 1061 4397 sententiam
1103 4326 1437 4418 loquitur:
1493 4327 1561 4398 εἰ
1605 4349 1815 4398 nemo
1870 4335 2205 4398 nostrum
2262 4324 2657 4411 dubitaret,

442 4426 647 4498 illum
687 4429 970 4501 hostem
996 4452 1187 4520 esse,
1240 4431 1338 4501 de
1379 4453 1464 4502 eo
1497 4440 1788 4510 tannem
1815 4452 1934 4501 me
1960 4431 2208 4503 dicere
2238 4451 2420 4524 opus
2462 4436 2655 4519 erat,
