3284 5159
1267 420 1441 484 Lls.
1483 419 1558 482 11.
1648 422 1841 488 (ιιι).
1878 426 1942 487 4.
2525 513 2530 520 ι
2621 434 2705 495 οι

497 623 602 682 est
632 612 808 684 VIII.
854 612 976 682 67.
1026 641 1117 696 ως
1151 614 1229 688 δὲ
1268 609 1513 709 κόσμῳ
1561 615 1800 710 ἐπεξῆς
1844 622 2118 703 ἵζοντο,
2170 617 2462 709 πέμψας
2507 620 2704 715 Ξέρ-

498 711 1089 814 ἕης-Μαρδόνιον,
1124 711 1410 814 εἰρωτα.
1455 711 2044 838 ἀποπειρώμενος
2061 711 2398 811 ἑκάστου,
2436 724 2497 795 εὶ
2527 750 2705 796 ναυ-

495 821 768 916 μαχίην
810 821 1162 893 ποιε’.οιτο
1267 821 1460 889 Haec
1507 842 1715 911 quum
1758 821 1973 890 minus
2017 830 2327 889 accurate
2365 826 2707 895 discerne-

496 934 603 994 ret
631 925 1022 994 Werferus
1003 947 1074 991 ιιι
1102 925 1288 992 Actis
1314 923 1588 992 Monac.
1615 924 1753 996 vol.
1788 924 1844 1011 I.
1876 947 1951 1014 p.
1980 921 2153 999 230.
2182 948 2373 1018 seqq.
2393 930 2540 997 fieri
2568 952 2707 997 non

496 1029 749 1121 potuit,
803 1028 962 1118 quin
1007 1028 1251 1119 corrigi
1294 1026 1531 1114 vellet,
1596 1049 1773 1117 quae
1811 1027 2084 1095 minime
2125 1028 2432 1123 indigent
2476 1054 2708 1100 corre-

500 1133 742 1204 ctione.
844 1130 1378 1199 Demosthenes
1360 1153 1430 1198 ιιι
1459 1129 1631 1197 Mid.
1660 1153 1737 1222 p.
1761 1127 1954 1219 .,525
1985 1127 2107 1202 19.
2165 1133 2239 1204 εἴ
2254 1160 2367 1215 τις
2405 1129 2535 1206 οὖν
2566 1131 2705 1207 ud-

497 1235 758 1314 κείνοις
799 1239 961 1314 τοῖς
992 1226 1544 1361 προϋπάρχουσι
1584 1227 1880 1325 νόμοις,
1934 1232 2056 1304 καὶ
2100 1228 2375 1364 τούτῳ
2388 1236 2496 1331 τῷ
2534 1262 2677 1329 μετ

373 1342 381 1347 ’
501 1337 806 1417 ἐκείνους
857 1336 1154 1408 τεθέντι
1200 1335 1321 1407 καὶ
1382 1334 1561 1407 πᾶσι
1610 1342 1798 1458 τοῖς.
1814 1341 2092 1416 λοιποῖς
2132 1334 2291 1410 ἔστ’
2333 1340 2608 1428 ἔνοχος,
2664 1367 2703 1412 ο

502 1438 839 1518 τοιοῦτος
882 1430 1159 1532 πότερα
1207 1464 1309 1533 μη
1352 1439 1454 1532 δῷ
1489 1431 1615 1510 deo?
1660 1437 1884 1511 τοῦτο
1932 1436 2169 1536 δίκην,
2221 1439 2270 1535 ἢ
2295 1439 2510 1534 μείζω
2547 1440 2707 1537 δοίη

503 1545 825 1630 δικαίωςς
877 1533 1013 1633 ἐγω
1045 1541 1181 1630 μὲν
1211 1536 1420 1632 οἶμαι
1450 1539 1687 1633 μείζω.
1754 1542 2090 1611 Accurate
2125 1542 2417 1616 distinxit
2445 1542 2708 1632 modos,

472 1654 576 1713 -ut
603 1667 740 1713 non
781 1643 1091 1712 debuerit
1115 1642 1472 1711 Bekkerus
1504 1643 1904 1736 Spalding-io
1932 1646 2263 1733 assentiri,
2293 1645 2386 1718 ἄν
2410 1648 2710 1738 optativo
2837 1721 2856 1728 ,

503 1746 950 1815 adiiciendum
1017 1746 1330 1818 censenti.
1433 1747 1614 1813 Nam
1679 1770 1886 1837 quum
1949 1748 2025 1816 id
2076 1756 2237 1840 agat
2289 1757 2548 1836 orator,
2639 1758 2714 1817 ιιι

503 1850 811 1924 ostendat
847 1871 1074 1941 poena
1110 1847 1391 1941 dignum
1430 1872 1578 1918 esse
1619 1848 1940 1938 Midiam,
1990 1850 2240 1919 refutat
2273 1873 2391 1920 eos
2410 1901 2432 1938 ‚
2483 1852 2601 1942 qui
2635 1852 2713 1919 il-

500 1956 642 2022 lum
670 1954 846 2021 forte
884 1953 1251 2020 absoluturi
1283 1951 1430 2025 sint.
1530 1953 1769 2042 Itaque
1798 1946 2075 2056 πότερα
2103 1947 2212 2046 μή
2247 1952 2349 2047 δῷ
2378 1952 2572 2050 δίκην
2603 1953 2713 2021 (Ιί-

506 2060 625 2127 cit:
670 2066 1006 2126 utrumne
1046 2056 1170 2124 ille
1211 2078 1357 2124 non
1388 2052 1601 2125 debet
1629 2077 1918 2148 poenas
1963 2051 2207 2124 dare?
2255 2056 2483 2126 Debet
2528 2078 2711 2128 vero.

501 2159 767 2231 Deinde
793 2167 1016 2227 autem
1049 2158 1249 2227 affert
1274 2158 1546 2248 aliquid,
1598 2158 1790 2248 quod
1811 2179 1949 2227 non
1981 2159 2125 2227 vult
2154 2158 2320 2247 fieri,
2374 2157 2497 2227 sed
2526 2157 2713 2249 quod

506 2288 589 2333 eo
624 2272 879 2332 tantum
931 2263 1065 2331 fine
1111 2261 1336 2330 adiicit
1350 2312 1372 2348 ‚
1421 2270 1498 2329 ut
1530 2262 1715 2329 illam
1743 2263 2044 2352 priorem
2071 2262 2467 2331 sententiam
2499 2284 2713 2354 exag-

502 2366 810 2461 gerando
843 2365 1270 2434 corroboret:
1325 2386 1424 2434 an
1464 2362 1843 2436 censebitis
1880 2365 2163 2464 maiore
2187 2365 2439 2459 potius
2466 2387 2715 2459 poena

505 2472 814 2564 dignum
842 2465 1056 2539 esse?
1095 2469 1253 2537 Hoc
1281 2490 1443 2536 vero
1460 2490 1588 2560 per
1603 2469 1978 2560 optativum
2004 2467 2239 2537 debuit
2266 2467 2513 2556 dicere,
2556 2468 2716 2557 quia

502 2596 641 2643 non
670 2583 771 2642 est
814 2572 1011 2658 illud,
1063 2570 1251 2662 quod
1286 2592 1464 2638 nunc
1494 2580 1813 2663 oportere
1852 2572 1944 2640 ait
1961 2623 1982 2660 ,
2035 2571 2156 2642 sed
2197 2571 2385 2662 quod
2433 2579 2714 2664 oporte-

501 2686 641 2760 ret,
692 2678 751 2744 si
780 2677 850 2744 in
879 2675 1085 2767 ipsius
1114 2682 1452 2766 potestate
1485 2685 1661 2744 esset
1690 2676 1878 2743 illum
1919 2676 2180 2767 punire.
2283 2674 2522 2765 ltaque
2552 2696 2715 2742 cen-

506 2780 787 2849 sendum
832 2776 1107 2868 quidem
1154 2778 1248 2845 ita
1302 2786 1532 2869 putat,
1612 2780 1869 2847 maiore
1917 2778 2107 2845 illum
2153 2800 2380 2869 poena
2428 2776 2716 2868 dignum

506 2906 654 2953 esse
667 2935 688 2971 ‚
745 2881 865 2950 sed
910 2903 1046 2949 non
1077 2875 1423 2950 contendit
1456 2880 1710 2951 debere
1738 2882 1940 2950 etiam
1966 2880 2148 2948 affici
2178 2903 2404 2972 poena
2436 2879 2710 2951 maiore.

505 2986 739 3055 Placet
782 2984 1165 3074 exemplum
1200 2983 1534 3053 secundae
1565 3006 1903 3077 personae
1944 2983 2233 3054 adiicere
2247 3035 2269 3071 ‚
2323 2982 2511 3072 quod
2539 2978 2713 3049 haec

505 3089 715 3157 rarius
744 3088 1092 3160 invenitur.
1149 3085 1518 3156 Oraculum
1536 3088 1724 3181 apud
1741 3087 1944 3158 schol.
1967 3085 2315 3179 Aristoph.
2335 3086 2466 3176 Eq.
2484 3081 2711 3157 1⁰89.

509 3201 578 3260 et
603 3190 886 3260 Suidam
913 3190 984 3256 in
1013 3213 1078 3263 v,
1105 3185 1436 3288 Ἀρχίαςε

609 3336 870 3438 ἤλθετ’
921 3335 1347 3439 ἐρησόμενοι
1401 3344 1719 3437 Φοῖβον,
1767 3340 1936 3415 τίνα
1985 3344 2201 3435 γαῖαν
2253 3345 2531 3436 ἵκησθε.

511 3492 786 3587 Operae
816 3494 1111 3586 pretium
1140 3504 1242 3563 est
1279 3494 1392 3563 hic
1421 3496 1805 3583 observare,
1858 3495 1981 3563 etsi
2017 3495 2191 3563 inter
2226 3492 2715 3561 coniunctivum

509 3606 712 3689 atque
742 3598 1175 3665 indicativum
1218 3597 1422 3666 futuri
1448 3599 1732 3667 multum
1776 3600 2085 3683 interest,
2135 3606 2363 3664 tamen
2394 3617 2525 3688 pro
2559 3595 2716 3662 affi-

507 3702 745 3788 nitate,
799 3723 973 3791 quae
1006 3709 1106 3769 est
1141 3701 1316 3769 inter
1343 3701 1470 3795 hos
1496 3702 1738 3770 modos
1755 3752 1776 3789 ,
1829 3722 2033 3792 saepe
2060 3700 2364 3769 futurum
2384 3698 2717 3789 usurpari,

509 3791 629 3873 ubi
658 3812 855 3896 putes
900 3805 1319 3873 coniunctivo
1351 3783 1575 3898 potius
1613 3802 1939 3873 utendum
1966 3804 2191 3875 fuisse.
2294 3802 2389 3870 Et
2414 3800 2533 3869 ubi
2563 3800 2715 3891 qui-

509 3907 671 3975 dem
713 3930 847 3976 non
888 3906 1052 3998 quid
1096 3906 1346 3976 debeat
1387 3909 1535 3976 fieri
1549 3959 1570 3994 ‚
1623 3907 1746 3976 sed
1795 3905 1960 3998 quid
1993 3908 2291 3975 futurum
2331 3905 2415 3973 sit
2430 3952 2450 3988 ‚
2505 3926 2720 3994 quae-

509 4011 694 4097 ritur,
745 4032 946 4078 nemo
973 4033 1111 4079 non
1126 4011 1331 4099 videt,
1380 4012 1758 4080 necessario
1786 4011 2084 4079 futurum
2105 4008 2379 4098 requiri,
2429 4015 2507 4075 ut
2533 4004 2719 4099 apud

510 4113 943 4182 Herodotum
981 4114 1035 4185 Ι.
1067 4110 1188 4183 86.
1217 4107 1660 4208 βουλόμενος
1694 4115 1987 4202 εἰδέναι,
2044 4113 2116 4186 εἴ
2142 4110 2251 4194 τίς
2282 4137 2414 4205 μιν
2445 4102 2715 4202 ὃὰιμό-

511 4242 654 4290 των
696 4209 998 4312 ρύσεται
1024 4215 1163 4289 τοῦ
1195 4211 1302 4314 μή
1344 4217 1574 4302 ζωντα
1620 4211 2191 4305 κατακαυθῆναι.
2293 4212 2509 4284 Aliter
2534 4210 2721 4303 apud

516 4317 828 4387 eumdem
876 4318 1056 4391 VIII.
1106 4317 1226 4388 36.
1274 4323 1352 4393 ἐν
1405 4317 1698 4411 δείματι
1758 4319 1836 4393 δὲ
1860 4311 2189 4448 ’,μεγάλῳ
2206 4314 2720 4398 καθεστεωτες,

382 4469 389 4474 ·
514 4447 1021 4530 δμαντδυθντο
1045 4423 1209 4523 πθρὶ
1242 4448 1390 4497 ‘ton'
1424 4421 1597 4520 ἱρῶν
1631 4447 2064 4520 χρηματων,
2114 4421 2263 4494 εἴτδ
2301 4418 2487 4523 σφᾶα
2533 4443 2721 4489 κατα
