3284 5159
682 367 814 447 ιω
1355 358 1472 419 σε
1546 354 2101 420 ΡΔΒΤισνιΛ
2152 350 2248 420 ἄν
2341 316 2352 324 ’

689 580 838 677 φε,
879 540 1151 645 σάρου,
1206 539 1519 638 σκάπτε,
1573 550 1651 622 ἐν
1706 539 2119 671 παρατάσει
2162 545 2289 644 τῆς
2336 548 2748 630 διαθέσεως
2773 573 2927 643 την

690 647 1076 754 πρόςταξιν
1103 655 1464 734 ποιεῖται,
1517 646 1609 731 ὥς
1645 649 1791 739 ἔχει
1829 649 1952 722 καὶ
1983 642 2075 722 τό
2089 703 2117 738 ,

795 781 1011 884 βάλλ
1062 785 1332 875 οὕτως,
1388 792 1478 860 αἴ
1517 786 1638 862 ιιέν
1690 812 1766 858 τι
1821 777 2016 879 φόως
2067 785 2434 860 Δαναοῖσι
2484 786 2771 884 γένηαι·

695 924 870 1048 φησί
898 917 1082 1021 γάρ,
1133 927 1211 998 ἐν
1240 950 1344 1018 τῳ
1317 922 1693 1045 ‘uois‘pqzae
1698 918 2094 1015 ιιαταγίνου
2130 923 2230 1001 εἰς
2258 914 2352 994 το“
2381 914 2695 1015 βάλλειν.
2757 920 2806 996 5
2836 947 2931 1015 γε

694 1055 842 1127 μην
872 1027 1092 1120 λέγων
1141 1019 1333 1098 ιιατοῖ
1371 1052 1508 1147 την
1549 1025 1693 1098 τοῦ
1727 1024 2252 1118 παρῳχημένου
2292 1018 2712 1148 προφοράν
2732 1018 2931 1120 γρά-

699 1154 891 1253 ψον,
945 1124 1036 1202 οὗ
1078 1121 1313 1221 μόνον
1349 1122 1444 1200 τό
1469 1154 1574 1225 μη
1609 1119 2003 1220 γενόμενον
2037 1119 2514 1249 προςτάσσει,
2572 1122 2758 1201 α’λλσῖ
2796 1125 2930 1200 ιιαὶ

696 1262 790 1308 το
833 1224 1221 1326 γινόμενον
1259 1235 1338 1304 ἐν
1376 1223 1789 1352 παρατάσει
1831 1221 2307 1325 ἀπαγορεύει,
2364 1231 2437 1301 εἴ
2478 1257 2560 1321 γε
2596 1231 2714 1303 καὶ
2763 1235 2931 1309 τοῖς

698 1328 1109 1456 ypdq'fww
1149 1336 1229 1406 ἔν
1254 1331 1531 1406 πλείονι
1575 1324 1811 1426 χρόνῳ
1854 1332 2415 1427 προςφωνοῧμεν
2464 1359 2553 1404 το
2605 1325 2927 1456 γράψον,

700 1427 1051 1511 τοιοῦτόν
1073 1462 1147 1507 τι
1179 1428 1602 1557 φάσκοντες,
1631 1427 1740 1528 μῆ
1769 1435 2106 1526 ἐμμένειν
2134 1434 2227 1531 τῆ
2253 1428 2691 1528 παρατάσει,
2726 1429 2927 1508 ‹ivd-

703 1565 826 1614 σαι
863 1541 940 1612 δὲ
974 1563 1063 1610 το
1098 1529 1606 1633 1ραφειν.Εῒ
1629 1535 1861 1627 Etym.
1900 1535 2084 1604 Gud.
2116 1559 2186 1628 p.
2222 1535 2398 1624 472,
2427 1534 2548 1603 26.
2602 1531 2925 1632 ζήσαιμι,

704 1637 981 1765 ζῆσειας
1017 1639 1095 1713 δὲ
1141 1635 1228 1712 οὐ
1274 1641 1596 1732 λέγουσι,
1651 1634 1847 1711 διότι
1890 1638 1984 1734 τῇ
2029 1634 2318 1737 εὐκτικῇ
2366 1632 2581 1733 εὐχην
2626 1640 2925 1762 δηλοῦσι

701 1737 1130 1841 πράγματος
1175 1737 1594 1836 ὀφείλοντος
1639 1742 2140 1838 πληρωθῆναι.
2212 1739 2256 1815 o‘
2305 1768 2445 1835 γαρ
2490 1743 2708 1835 λέγων
2744 1734 2922 1868 γρά·

703 1867 914 1943 ψειας
949 1842 1237 1934 εὔχεται
1284 1840 1471 1924 ὅπως
1507 1845 1621 1923 εἰς
1635 1844 1838 1923 τέλος
1865 1844 2045 1941 ἔλθη
2100 1844 2243 1917 τοῦ
2284 1837 2598 1940 γράψαι·
2656 1842 2923 1935 ὁμοίως

701 1946 821 2021 ναί
866 1939 966 2019 τοὶ
1002 1938 1226 2031 λοιπα
1270 1945 1780 2044 πληρωθῆναι,
1833 1942 2013 2039 ὅπερ
2055 1942 2144 2018 οὐ
2187 1947 2409 2071 λέγειν
2454 1948 2570 2018 δεῖ
2605 1939 2915 2040 ζῆσειας·

703 2042 915 2143 ὁγαρ
949 2047 1175 2121 τοῦτο
1221 2048 1441 2140 λε’γων
1490 2046 1781 2143 εὔχεται
1814 2054 1936 2119 ἵνα
1977 2048 2157 2144 ἔλθῃ
2205 2051 2303 2129 εἰς
2329 2050 2529 2127 τέλος
2567 2048 2692 2143 τῆς
2723 2049 2956 2142 ζωῆς,

703 2151 826 2226 καὶ
853 2143 1112 2223 λοιπον
1141 2147 1548 2243 εὑρίσκεται
1577 2173 2086 2243 καταρωμενος
2121 2152 2395 2245 ἑαυτῷ·
2449 2155 2562 2223 δεῖ
2584 2152 2660 2223 δὲ
2689 2153 2918 2243 λέγειν

707 2248 934 2350 ζῴην,
990 2247 1192 2350 ζῴης,
1247 2245 1403 2350 ζωη.
1506 2252 1685 2321 Vide
1710 2251 2005 2322 eadem
1986 2275 2058 2320 m
2083 2252 2313 2345 Etym.
2353 2252 2456 2321 M.
2482 2276 2557 2344 p.
2594 2252 2765 2340 76⁰,
2794 2251 2915 2321 24.

706 2356 1060 2430 Contraria
1097 2356 1465 2446 praesentis
1503 2355 1675 2424 ratio
1704 2365 1806 2423 est
1819 2402 1840 2436 ‚
1892 2355 2081 2445 quod
2113 2379 2321 2447 quum
2363 2365 2601 2424 natura
2630 2380 2748 2425 sna
2771 2380 2917 2425 rem
3153 2376 3156 2427 1

701 2461 975 2528 flentem
997 2481 1123 2526 nec
1166 2456 1329 2525 dum
1361 2458 1742 2529 obsolutam
1774 2458 2106 2551 significet
2119 2510 2140 2549 ‚
2193 2460 2526 2550 optativus
2559 2460 2700 2529 eius
2741 2469 2914 2527 tem-
3159 2480 3160 2515 ι

701 2562 889 2655 poris
921 2561 1395 2652 cogitationem
1422 2569 1610 2629 notat
1648 2562 1790 2651 rei„
1820 2584 2045 2650 quam,
2099 2584 2527 2652 quocumque
2559 2586 2710 2631 eam
2742 2572 2915 2630 tem-

701 2687 875 2758 pore
913 2663 1061 2731 fieri
1097 2686 1432 2735 sumamus
1449 2713 1471 2750 ‚
1521 2664 1632 2731 vel
1672 2663 1913 2733 durare
1957 2686 2043 2733 eo
2082 2675 2427 2756 tempore,
2496 2666 2606 2734 vel
2645 2668 2715 2735 in
2758 2666 2914 2734 facti

568 2804 574 2815 ·
701 2765 1006 2836 nondum
1033 2767 1343 2835 absoluta
1368 2767 1764 2858 repetitione
1791 2768 2081 2858 positam
2106 2768 2550 2860 intelligimus,

902 2869 1032 2937 His
1069 2870 1450 2959 praemissis
1478 2870 1792 2960 exempla
1831 2868 2191 2938 afferamus
2234 2878 2300 2938 et
2340 2871 2565 2938 aoristi
2607 2879 2676 2937 et
2713 2892 2902 2962 prae·
2944 2892 2950 2897 ·

701 2972 899 3042 sentis
929 2974 1209 3064 optativi
1229 2973 1318 3042 de
1345 2995 1422 3041 re
1452 2973 1820 3067 praeterita
1844 2971 2024 3040 dicti.
2080 2972 2419 3043 Homerus
2448 2972 2639 3040 Iliad.
2661 2975 2723 3046 δ.
2741 2968 2905 3039 539.

803 3109 993 3182 ἔνθα
1019 3133 1142 3183 κεν
1181 3104 1428 3182 οὐκέτι
1463 3109 1675 3207 ἔργον
1704 3101 1887 3205 α’νῆρ
1922 3098 2269 3183 ὀνόσαιτο
2296 3103 2710 3204 μετελθών,

706 3272 759 3316 ε.
788 3241 963 3314 311.

804 3379 930 3452 καί
977 3371 1067 3451 νύ
1116 3340 1237 3452 ιιεν
1287 3380 1452 3452 ἔνθ’
1504 3373 1861 3468 άπόλοιτο
1891 3378 2086 3464 ἄναξ
2127 3377 2420 3504 άνδροῖν
2468 3384 2793 3464 Αἰνείας,

809 3509 870 3555 ει
921 3473 1029 3579 μῆ
1078 3476 1211 3576 ἄρ’
1263 3474 1393 3563 ὀξυ
1441 3474 1661 3578 νόησε
1711 3476 1898 3563 Διος
1947 3476 2283 3583 θυγάτηρ
2335 3480 2759 3585 Ἀφροδίτη.

705 3624 775 3685 et
802 3615 976 3685 388.

804 3750 929 3825 ιιαί
977 3747 1065 3825 νύ
1115 3779 1236 3825 ιιεν
1286 3750 1453 3840 ἔνθ’
1508 3749 1862 3828 α’πόλοιτο
1908 3754 2134 3852 ’Λρης
2175 3754 2404 3839 άατος
2451 3758 2817 3851 πολέμοιο,

809 3881 873 3927 ει
925 3847 1032 3947 μή
1070 3853 1381 3977 μητρυίη
1432 3850 1855 3953 περικαλλης
1901 3851 2295 3953 Ἠερίβοια

808 3952 1091 4054 Ερμέᾳ
1142 3949 1557 4054 ἐξήγγειλεν.

706 4085 936 4183 μ.58.

811 4219 982 4299 ἔνθ’
1036 4223 1124 4296 05
1175 4252 1295 4297 κεν
1347 4229 1478 4325 ρέα
1529 4235 1741 4309 ἵππος
1793 4223 2145 4327 εὔτροχον
2195 4229 2403 4324 ἅρμα
2456 4229 2795 4306 τιταίνων

810 4325 1089 4424 ἑςβαίη,
1145 4327 1341 4413 πεζοι
1391 4331 1468 4404 δὲ
1521 4328 1934 4421 μενοίνεον
1952 4334 2023 4406 εἰ
2068 4334 2401 4406 τελέοιεν.
