3284 5159
552 427 640 492 ⁰2
1038 397 1042 406 ’
1239 421 1357 484 οε
1425 419 1967 482 PARTICVLA
2012 415 2107 485 ἄν

556 615 680 710 γῆς
709 605 1224 707 κατορυξουσι,
1279 612 1428 684 εἴτε
1455 608 1918 703 ἕκκομὶσουσι
1949 615 2017 692 ἐς
2047 609 2270 708 αλλην
2305 637 2561 709 χωρην.
2626 613 2770 683 Sed

555 717 744 809 apud
763 714 1338 784 Demosthenem
1318 737 1388 781 ιιι
1411 713 1664 805 Euerg.
1695 723 1762 781 et
1786 712 2077 787 Mnesib.
2098 738 2169 805 p.
2202 707 2426 803 1160,
2456 715 2526 783 9.
2554 711 2771 789 α’κού-

558 846 810 899 σαντες
843 820 927 890 δέ
959 844 1107 909 μου
1153 823 1227 888 οἱ
1254 815 1573 938 ἐξηγηταὶ
1608 817 1892 903 ταῦτα,
1948 812 2221 912 ἤροντό
2259 846 2353 907 με
2368 873 2396 906 ,
2451 811 2769 914 πότερον

556 915 1035 1018 ἐξηγήσωνταί
1093 945 1227 1008 μοι
1286 945 1562 1009 μονον,
1651 917 1697 1013 ἢ
1745 918 1864 989 καὶ
1913 915 2563 1008 συμβουλεύσωσιν.
2665 923 2769 989 Ita

553 1024 829 1114 quidem
872 1021 1182 1089 Reiskius
1216 1043 1371 1088 cum
1417 1021 1568 1089 cod.
1600 1021 1769 1089 Bav.
1801 1030 1869 1088 et
1893 1020 2320 1108 BekkeruS,
2317 1023 2530 1113 apud
2563 1047 2768 1114 quem

554 1126 693 1194 duo
716 1123 919 1197 codd.
946 1134 1021 1192 ut
1052 1124 1261 1215 vulgo
1283 1117 1778 1218 ἐξηγήσονται,
1814 1124 2030 1190 sicut
2009 1146 2078 1191 ιιι
2099 1124 2434 1192 Herodoti
2458 1126 2612 1193 loco
2644 1128 2768 1194 ali-

554 1238 720 1318 quot
739 1227 939 1295 codd.
971 1227 1419 1295 coniunctivos
1436 1227 1786 1316 praebent.
1841 1225 2016 1293 Mihi
2034 1227 2307 1316 quidem
2337 1237 2402 1296 et
2417 1229 2604 1320 apud
2618 1229 2767 1297 He-

554 1332 871 1400 rodotum
897 1337 1181 1418 uterque
1212 1328 1692 1412 coniunctivns,
1746 1338 1813 1395 et
1839 1328 2025 1420 apud
2051 1329 2582 1399 Demosthenem
2617 1337 2766 1427 ἑξη-

555 1428 904 1530 νήσονται
934 1432 1281 1523 probatur.
1334 1430 1624 1515 Etenim,
1654 1432 1713 1502 si
1740 1431 1905 1520 quid
1935 1431 2157 1522 video,
2191 1433 2318 1500 alia
2347 1444 2448 1502 est
2477 1435 2682 1501 futuri
2700 1435 2767 1501 in

552 1535 940 1604 huiusmodi
974 1557 1247 1625 quoque
1276 1534 1442 1602 locis
1482 1534 1901 1625 significatio,
1955 1558 2160 1625 quam
2191 1546 2308 1604 aut
2347 1537 2765 1623 coniunctivi,

553 1647 670 1707 aut
684 1639 980 1729 optativi.
1035 1638 1214 1705 Nam
1230 1637 1284 1704 si
1301 1636 1755 1704 coniunctivus
1776 1636 1863 1704 de
1882 1659 1986 1721 eo,
2013 1637 2199 1726 quod
2222 1649 2528 1730 oportet3
2564 1650 2761 1730 opta-

551 1744 724 1809 tivus
751 1749 974 1808 autem
998 1740 1087 1808 de
1115 1762 1221 1825 eo,
1267 1739 1457 1829 quod
1481 1740 1627 1829 quis
1658 1747 1928 1807 censeat
1939 1740 2326 1809 faciendum
2354 1765 2522 1831 esse,
2567 1765 2765 1809 usur-

416 1891 423 1900 .
551 1852 783 1937 patur:
835 1844 1135 1911 futurum
1173 1842 1262 1908 ad
1303 1865 1386 1909 ea
1423 1841 1689 1925 ‚videtur
1721 1843 1979 1927 referri,
2031 1844 2104 1910 in
2145 1846 2386 1933 quibus
2421 1868 2641 1935 neque
2681 1869 2766 1912 an

550 1947 845 2015 debeant
877 1946 1057 2032 fieri,
1108 1968 1333 2035 neque
1361 1968 1445 2013 an
1475 1954 1744 2034 censeat
1783 1947 1931 2034 quis
1959 1945 2186 2014 futura
2214 1971 2398 2033 esse,
2451 1948 2572 2015 sed
2604 1949 2764 2015 sim-

550 2050 816 2143 pliciter
849 2072 936 2116 an
975 2049 1105 2116 sint
1139 2048 1364 2116 futura
1413 2049 1775 2138 quaeritur,
1827 2050 1868 2115 i.
1904 2071 1964 2121 e.
1995 2072 2079 2116 an
2094 2099 2114 2136 ,
2168 2051 2223 2117 si
2245 2051 2398 2139 quis
2436 2074 2517 2120 ea
2539 2052 2763 2131 faciat,

553 2153 875 2221 effectum
905 2150 1178 2218 daturus
1206 2152 1321 2238 sit,
1374 2150 1450 2217 id
1477 2150 1664 2240 quod
1694 2151 1839 2221 fere
1884 2152 2067 2220 idem
2096 2159 2197 2219 est
2226 2163 2430 2243 atque
2455 2154 2766 2222 an.liceat

552 2255 802 2327 facere.
855 2253 1093 2343 ltaque
1122 2262 1191 2321 et
1221 2253 1406 2344 apud
1438 2253 1868 2322 Herodotum
1899 2263 2085 2322 recte
2108 2278 2178 2323 se
2211 2255 2561 2324 habebunt
2587 2256 2765 2324 indi-

553 2358 748 2454 cativi
808 2366 876 2424 et
933 2357 1001 2423 in
1040 2355 1513 2426 Demosthenis
1561 2357 1716 2424 loco
1756 2366 1914 2451 apte
1958 2357 2227 2449 legetur
2275 2354 2763 2456 ἑξηγήσονται,

551 2457 1145 2551 interrogabant,
1197 2467 1444 2528 utrum
1484 2459 1969 2551 interpretari
2017 2469 2300 2529 tantum
2333 2462 2611 2547 liceret,
2665 2485 2766 2531 an

553 2561 899 2632 deberent
942 2563 1166 2631 etiam
1193 2562 1570 2631 consilium
1598 2564 1809 2634 dare.
1886 2565 2198 2655 Apparet
2229 2587 2412 2650 vero,
2444 2563 2536 2631 'id
2564 2566 2764 2632 etiam

546 2667 789 2735 Latine
830 2674 1015 2733 recte
1068 2664 1205 2732 dici
1239 2688 1368 2756 per
1408 2666 1739 2735 futurum:
1810 2675 2055 2744 utrum
2103 2668 2605 2736 tantummodo
2652 2668 2761 2755 in-

548 2768 1036 2861 terpretaturi
1063 2776 1322 2841 essent.
1400 2767 1772 2838 Confirmat
1794 2768 1973 2838 hanc
2005 2770 2523 2861 explicationem
2555 2793 2765 2861 quum

525 2872 715 2940 ‚illud
757 2871 943 2963 apud
971 2870 1402 2940 Herodotum
1430 2871 1549 2945 VI.
1584 2869 1707 2959 86,
1740 2871 1811 2945 3.
1842 2871 2346 2967 ἐπειρωτῶντα
2381 2873 2457 2946 δὲ
2510 2867 2763 2957 αὐτόν,
2867 2937 2874 2945 .

551 2978 622 3047 εἰ
650 2972 836 3070 ὅρκῳ
870 2968 968 3046 τοὶ
1000 2967 1342 3071 χρήματα
1374 2977 1724 3070 ληΐσεται,
1765 3001 1808 3069 η
1841 2974 2091 3072 Πυθίη
2120 2978 2554 3072 μετέρχεται
2575 2982 2764 3056 τοῖς·

551 3081 629 3153 δε
670 3082 864 3148 τοῖσι
914 3078 1147 3149 ἕπεσιι
1204 3099 1342 3167 quo
1385 3077 1456 3144 in
1495 3076 1653 3146 loco
1699 3076 2122 3145 manifestum
2152 3086 2285 3164 est,
2337 3100 2472 3145 non
2523 3077 2612 3145 de
2656 3101 2762 3165 eo,

549 3178 714 3268 quid
754 3186 1098 3269 oporteat,
1164 3179 1286 3247 sed
1326 3178 1490 3268 quid
1529 3179 1762 3266 liceat,
1831 3202 2212 3247 sermonem
2263 3204 2444 3267 esse,
2512 3190 2585 3248 ut
2626 3204 2762 3248 non

549 3281 856 3348 debuerit
892 3281 1239 3349 Werferus
1277 3282 1343 3347 in
1383 3283 1533 3350 Act.
1562 3280 1757 3355 Mon.
1787 3283 1839 3353 Ι.
1869 3305 1939 3375 p.
1987 3281 2160 3356 234.
2209 3282 2325 3356 de
2344 3284 2761 3352 coniunctivo

480 3377 485 3381 ’
545 3383 944 3475 reponendo
982 3384 1315 3474 cogitare3
1340 3394 1502 3452 tum
1533 3385 1733 3476 plura
1780 3384 1966 3477 apud
2003 3385 2485 3476 Thucydidem
2530 3410 2762 3454 exem-

545 3488 699 3578 pla,
755 3508 930 3574 quae
960 3484 1173 3555 habes
1201 3486 1386 3581 apud
1414 3487 1817 3579 Popponem
1845 3489 1979 3557 vol.
2012 3489 2069 3562 1.
2113 3487 2180 3556 1.
2209 3512 2301 3592 p.
2344 3487 2516 3560 137.
2574 3489 2762 3570 Con-

466 3583 475 3594 ’
546 3591 770 3657 firmat
800 3581 999 3656 etiam
1043 3588 1264 3657 similis
1305 3589 1638 3658 indicativi
1682 3592 2052 3682 praesentis
2094 3613 2274 3659 usus.
2375 3593 2555 3661 Nam
2595 3592 2763 3660 illud

549 3691 824 3802 quidem
855 3714 982 3812 per
1013 3714 1085 3758 se
1131 3692 1553 3783 intelligitur,
1605 3694 1763 3781 ubi,
1815 3718 1904 3762 an
1945 3695 2029 3762 sit
2066 3694 2354 3783 aliquid,
2398 3696 2760 3784 quaeritur,

545 3795 921 3863 necessario
954 3785 1109 3862 eum
1140 3788 1329 3863 ve‘rbi
1361 3795 1641 3864 modum
1668 3798 1955 3887 requiri,
2005 3806 2079 3863 nt
2107 3795 2297 3887 apud
2337 3797 2762 3866 Herodotum

548 3887 671 3970 IX.
735 3896 856 3965 16.
911 3925 999 3977 ως
1046 3897 1122 3969 δε
1180 3891 1332 3971 οἷπο
1388 3896 1680 3970 δείπνου
1735 3900 1953 3978 ἔσαν,
2026 3893 2554 3990 διαπινόντων,
2627 3893 2760 3973 τόν

490 4037 494 4042 ·
553 4001 836 4097 Πέρσην
888 3993 1021 4072 τόν
1066 3992 1489 4090 ὁμόκλινον,
1538 3995 1860 4075 Ἑλλαδα
1899 4000 2226 4093 γλωσσαν
2270 4003 2511 4091 ἱέντα,
2567 4004 2759 4097 εἴρε-

549 4111 735 4174 σθαι
766 4095 1070 4186 αὐτόν,
1088 4095 1454 4183 ὁποδαπός
1496 4107 1686 4176 eon·
1740 4104 1865 4172 sed
1894 4104 2307 4194 aliquantum
2338 4106 2426 4173 ab
2464 4106 2602 4173 hoc
2634 4104 2759 4172 ‹lif-

457 4283 461 4287 ,
548 4204 681 4272 fert
709 4204 875 4272 illud
918 4204 1217 4273 eiusdem
1242 4205 1329 4279 V.
1376 4204 1499 4278 43.
1535 4203 1579 4277 ὁ
1624 4206 1734 4286 δέ,
1791 4201 2101 4287 α’κουσας
2142 4209 2423 4296 ταῦτα,
2477 4212 2545 4289 ἐς
2572 4208 2784 4282 Δελ-’

504 4300 729 4401 'cpovc
798 4309 1040 4396 οἴχετο
1087 4301 1524 4429 χρησόμενος
1575 4334 1678 4401 τω
1727 4308 2174 4407 χρηστηρίῳ,
2245 4312 2315 4382 εἰ
2320 4312 2588 4432 αἱρέει
2639 4305 2759 4382 ἐπ’

547 4408 637 4507 ἢν
671 4411 1044 4484 στέλλεται
1073 4403 1348 4507 χώρην·
1403 4408 1449 4507 ἡ
1484 4410 1560 4485 δὲ
1599 4412 1855 4508 Πυθίη
1889 4416 1960 4483 οἱ
1991 4412 2137 4508 χρᾷ
2167 4405 2511 4510 αἱρήσειν.
2579 4413 2759 4481 Hinc
