3284 5159
1161 404 1328 468 [ΑΒ.
1375 404 1480 466 ιιι.
1573 366 1767 467 (ΞΛΡ.
1812 410 1873 470 4.
2520 413 2646 475 ιιι»

440 595 590 675 Nec
616 592 791 691 δοκῇ
812 592 1195 686 scripserim
1223 617 1379 663 cum
1421 595 1504 669 L.
1550 595 1907 664 Dindorfio
1935 595 2024 662 in
2041 594 2340 664 eiusdem
2377 594 2528 664 libri
2549 597 2640 665 11.
2654 660 2658 664 .

443 697 561 768 11.
604 693 793 777 ὅπως
823 697 899 770 δὲ
924 694 1104 794 μηδ
1131 700 1204 771 εἰ
1227 695 1269 769 6
1306 691 1755 825 παιδονόμος
1791 694 2126 782 ἁπέλθοι,
2179 697 2443 821 ἔρημοί
2464 725 2646 771 ποτε

441 806 513 872 οἱ
541 802 790 899 παῖδες
821 795 966 872 εἷεν
1004 797 1391 896 ἄρχοντος,
1465 799 1752 895 ε’ποιήσε
1796 792 1928 872 τδν
1977 796 2090 870 αἐὶ
2126 793 2460 893 παρόντα
2499 829 2644 873 των

438 902 756 974 πολιτῶν
796 895 1050 998 κύριον
1097 899 1284 976 εἶναι
1315 930 1433 975 και
1467 896 1887 977 ἐπιτάττειν
1914 908 2066 982 τοῖς
2091 901 2338 975 παισὶν
2372 900 2418 975 ὅ
2448 931 2520 975 τι
2554 902 2645 974 ἄν

439 998 729 1098 α’γαθόν
763 1003 1006 1099 δοκοίη
1036 999 1243 1082 εἶναι.

642 1107 890 1174 Parum
920 1107 1123 1175 docta
1154 1116 1253 1176 est
1282 1108 1596 1176 Thomae
1622 1105 1729 1179 M.
1752 1105 2093 1177 adnotatio
2127 1131 2199 1227 p.
2237 1104 2409 1179 267.
2444 1101 2536 1180 τό
2565 1109 2639 1180 δὲ

436 1205 605 1299 ἐάν,
656 1203 751 1282 τό
780 1235 911 1298 αν,
951 1203 1046 1282 τό
1079 1209 1241 1300 κάν,
1295 1205 1387 1282 w*
1421 1209 1531 1307 ἤν,
1582 1209 1700 1281 καὶ
1745 1203 1839 1282 w*
1872 1207 2054 1282 ὅταν
2100 1208 2213 1282 αἐι
2243 1202 2437 1301 μετά
2464 1207 2640 1283 ὑπο-

433 1312 787 1385 τακτικοῦ
811 1304 1017 1407 παρά
1049 1319 1200 1392 τοῖς
1243 1308 1814 1405 άκριβεστάτοις.
1870 1315 1941 1384 εἰ
1984 1306 2122 1407 γάρ
2175 1340 2294 1384 και
2350 1310 2637 1409 εὕρηται

434 1413 627 1496 ἅπαξ
642 1440 840 1510 παρα
829 1408 1319 1511 Θουκυδι’δη’
1284 1441 1373 1489 εν
1378 1414 1471 1510 τῇ
1489 1414 1726 1510 τρίτῃ,
1759 1413 1846 1510 ἦν
1865 1442 1943 1488 τε
1962 1442 2074 1485 και
2092 1416 2373 1504 ἔχοντές
2390 1443 2463 1485 τι
2478 1424 2639 1509 ξυγ-

432 1511 709 1615 γνώμης
735 1512 901 1601 εἷεν,
955 1544 1070 1589 και
1094 1511 1297 1637 παρά
1319 1517 1713 1610 Λουκιανῷ
1738 1520 1816 1590 ἐν
1842 1522 1994 1596 τοῖς
2020 1512 2465 1612 Ἀληθινοΐς,
2511 1511 2638 1590 έοῖν

431 1616 973 1713 καταχθείημεν
1003 1622 1100 1700 εἰς
1125 1613 1254 1698 τοῖς
1282 1613 1565 1743 νήσους,
1618 1618 1739 1690 και
1765 1615 2033 1699 αὖθις’
1998 1646 2073 1692 εν
2100 1648 2200 1714 τῳ
2175 1618 2423 1692 Βίων
2442 1617 2640 1739 πρά-

432 1748 605 1819 cecc,
658 1721 778 1794 και
799 1721 1036 1794 ταῦτα
1066 1721 1151 1812 ἢν
1173 1715 1581 1819 ἐθελήσειεν
1610 1716 2033 1794 ἀποδόσθαι
2054 1718 2326 1805 οὑτοσί,
2357 1717 2518 1794 ἄλλ’
2552 1718 2640 1794 06

433 1828 544 1897 δεῖ
558 1823 805 1921 ζηλοῦν
831 1818 920 1896 τό
950 1821 1139 1905 ἅπαξ
1161 1827 1407 1921 ῥηθέν.
1479 1825 1699 1893 Nam
1681 1847 1749 1891 m
1776 1825 2148 1916 posteriore
2173 1825 2456 1892 Luciani·
2484 1825 2639 1892 loco

433 1926 762 2018 corruptis
799 1926 984 1994 libris
1031 1948 1189 1994 usus
1232 1935 1349 1994 est.
1452 1927 1672 1995 Recte
1706 1928 1951 2018 legitur
1982 1926 2247 1995 hodie
2229 1949 2297 1994 ιιι
2336 1926 2638 1994 vitarum

430 2029 738 2098 auctione
779 2051 838 2096 c.
872 2026 992 2096 11.
1049 2029 1136 2096 T.
1174 2029 1228 2102 1.
1280 2052 1353 2120 p.
1387 2024 1559 2100 551.
1610 2023 1873 2122 ναύτης
1906 2024 1975 2102 δ’
2007 2028 2096 2101 ἄν
2131 2031 2293 2108 ἴσως
2326 2027 2371 2123 ἢ
2397 2055 2636 2152 κηπω-

430 2126 553 2228 ρός
582 2136 658 2205 ἐν
669 2130 918 2259 καιρῷ
945 2131 1218 2221 γένοιο·
1280 2131 1399 2203 καὶ
1429 2132 1693 2215 ταῦτα,
1744 2130 1833 2228 ἢν
1868 2133 2079 2228 ἐθέλῃ
2105 2156 2182 2204 σε
2217 2125 2635 2204 α’ποδόσθαι

432 2231 684 2306 οὐτοσὶ
738 2227 834 2306 τό
872 2234 1220 2324 μέγιστον
1266 2227 1385 2306 δύ’
1425 2231 1725 2326 ὀβολοῖν.
1826 2234 1904 2301 In
1946 2235 2156 2302 altero
2198 2242 2422 2301 autem
2460 2234 2635 2320 loco,

428 2337 648 2405 Verae
678 2336 828 2404 hist.
865 2335 953 2408 11.
985 2334 1105 2405 29.
1160 2338 1282 2405 etsi
1286 2334 1517 2404 hodie
1551 2338 1875 2428 scriptum
1904 2335 2263 2406 videmus
2240 2333 2339 2409 ι’ν’
2373 2339 2436 2407 εἰ
2447 2392 2475 2427 ,
2528 2345 2635 2405 ta·-

427 2462 582 2508 men
616 2448 795 2508 recte
830 2461 904 2506 se
949 2437 1191 2526 habet,
1244 2438 1432 2529 quod
1475 2439 1808 2531 praebent
1854 2437 2054 2508 codd.
2104 2439 2298 2512 Gorl.
2347 2447 2414 2508 et
2451 2440 2633 2532 Aug.

429 2539 527 2613 ἴν
561 2535 713 2633 ἐάν,
767 2542 1163 2611 conveniens
1195 2543 1479 2611 orationi
1508 2544 1842 2633 obliquae.
1946 2542 2176 2612 Verba
2205 2550 2388 2612 sunt.
2431 2545 2633 2616 συνέ-

426 2664 671 2738 πεμψε
717 2645 801 2718 δέ
838 2662 969 2736 μοι
1009 2641 1052 2717 6
1074 2638 1601 2735 Ῥαδάμανθυς
1646 2638 1780 2718 τον
1820 2648 2166 2742 πορθμέα
2219 2638 2630 2766 Ναύυπλιον,

427 2743 527 2818 ἵν’
542 2795 562 2826 ‚
617 2740 745 2820 ἐάν
779 2745 1316 2845 καταχθείημεν
1359 2752 1428 2829 ἐς
1461 2774 1590 2827 τας
1623 2741 1914 2844 νήσους,
1967 2748 2210 2846 μηδεις
2251 2746 2437 2843 ημᾶς
2472 2753 2631 2821 συλ-

424 2841 662 2943 λάβοι.
769 2850 927 2935 Quo
975 2860 1181 2941 pacto
1220 2848 1404 2918 idem
1448 2852 1766 2939 loquutus
1816 2861 1915 2918 est
1955 2852 2022 2918 in
2065 2852 2355 2919 Timone
2403 2873 2461 2918 c.
2509 2850 2628 2919 39.

424 2951 516 3025 Τ.
544 2952 597 3020 1.
621 2976 692 3044 p.
725 2950 895 3024 151.
949 2952 1026 3023 τί
1063 2946 1202 3047 γάρ
1240 2952 1330 3026 ἄν
1375 2980 1491 3025 και
1540 2946 1779 3026 πάθοι
1810 2980 1955 3042 τις,
2013 2946 2291 3025 ὁπόταν
2351 2958 2423 3024 οἱ
2467 2953 2629 3026 θεοι
2744 3037 2750 3041 ,

421 3046 841 3147 βιάζοιντο,·
889 3055 1116 3123 Maior
1153 3066 1253 3123 est
1300 3054 1388 3124 de
1422 3053 1851 3147 Thucydidis
1894 3055 2048 3123 loco
2092 3056 2212 3129 111.
2252 3054 2373 3124 44.
2427 3056 2622 3124 dubi-

422 3158 618 3225 tatio:
676 3155 761 3253 ἦν
796 3185 876 3230 τε
919 3151 1059 3285 γάρ
1092 3151 1442 3253 α’ποφήνω
1477 3152 1668 3232 πάνυ
1712 3153 2138 3238 α’δικοῦντας
2177 3152 2441 3239 αὐτούς
2457 3213 2483 3246 ,
2537 3156 2626 3231 06

426 3254 551 3332 δια
584 3260 808 3332 τοῦτο
841 3287 957 3331 και
991 3255 1411 3333 α’ποκτεῖναι
1445 3255 1787 3343 κελεύσω,
1843 3263 1913 3332 εἰ
1896 3286 2056 3383 α’μη
2085 3262 2484 3356 ξυμφέρον·
2538 3260 2627 3381 ἥν

422 3389 509 3434 τε
535 3390 652 3433 και
683 3364 964 3453 ἔχοντές
985 3389 1059 3433 τι
1087 3357 1488 3458 ξυγγνώμης
1520 3359 1690 3450 εἷεν,
1741 3366 1810 3435 εἰ
1833 3362 1926 3457 τῇ
1958 3356 2161 3435 πόλει
2196 3390 2298 3487 μη
2334 3357 2625 3455 α’γαθόν

424 3463 783 3560 φαίνοιτο.
864 3464 1198 3549 Quattuor
1226 3464 1319 3533 ibi
1347 3464 1546 3533 codd.
1577 3465 1764 3557 apud
1792 3464 2185 3532 Bekkerum
2214 3467 2361 3537 εἴτε
2376 3516 2398 3555 ,
2452 3489 2625 3555 quae

421 3567 682 3635 videtur
710 3568 1300 3659 grammaticorum
1340 3568 1667 3636 correctio
1709 3591 1872 3637 esse.
1976 3568 2332 3635 Tractatus
2374 3576 2475 3636 est
2508 3568 2623 3636 hic

419 3670 607 3739 locus
650 3694 691 3737 a
726 3672 968 3755 multis,
1022 3694 1063 3737 a
1089 3694 1198 3738 me
1227 3671 1378 3761 ipso
1417 3670 1505 3737 ad
1534 3669 1765 3762 Viget.
1795 3693 1865 3761 p.
1914 3669 2085 3738 822.
2152 3672 2415 3759 Neque,
2465 3672 2621 3762 opi-

416 3795 580 3860 nor,
633 3772 969 3841 debebam
1001 3774 1087 3841 ab
1133 3773 1457 3842 sententia
1499 3774 1592 3841 ibi
1620 3774 1973 3864 proposita
2008 3772 2329 3840 recedere
2356 3774 2424 3841 in
2463 3773 2617 3842 diss·
2663 3790 2666 3797 ‘

421 3875 509 3943 de
564 3878 943 3968 praeceptis
991 3875 1392 3964 quibusdam
1441 3876 1894 3945 Atticistarum
1940 3899 2010 3966 p.
2066 3874 2183 3942 16.
2287 3876 2473 3945 Nihil
2517 3885 2619 3945 est

421 3979 634 4065 enim,
687 3979 873 4077 quod
917 3979 1486 4047 accommodatius
1544 3979 1636 4046 illi
1685 3980 1840 4047 loco
1882 3979 1998 4064 sit,
2060 3999 2263 4067 quam
2303 3974 2445 4051 εἷεν
2484 4002 2615 4070 pro

418 4079 700 4172 apodosi
729 4102 910 4165 esse,
963 4090 1038 4149 ut
1073 4081 1226 4150 ad’
1198 4087 1480 4171 ε’χοντες
1508 4104 1592 4149 ex
1624 4080 2182 4173 praecedentibus
2211 4081 2617 4172 intelligatur

419 4180 813 4256 άδικωσιν.
875 4186 983 4253 De
1026 4180 1169 4257 εἶεν
1212 4184 1366 4252 vide
1412 4180 1713 4252 Bekkeri
1757 4183 2016 4253 Anecd
2060 4207 2132 4275 p.
2176 4178 2348 4271 243,
2388 4182 2505 4252 24.
2550 4194 2616 4254 et

417 4286 677 4354 Timaei
722 4287 889 4354 Lex.
938 4289 1106 4355 Plat.
1166 4310 1234 4378 p.
1283 4286 1402 4355 94.
1508 4288 1586 4354 ln
1626 4297 1864 4354 octavo
1909 4296 2130 4354 autem
2175 4287 2346 4354 libro
2389 4311 2447 4354 c.
2493 4286 2609 4360 27.

416 4411 622 4485 quum
648 4390 857 4482 vulgo
885 4392 1185 4483 legatur,
1240 4387 1328 4471 οἷς
1365 4384 1677 4481 τάχιστα
1706 4389 1781 4462 δὲ
1811 4391 2079 4462 ἐκέλευε
2137 4429 2215 4441 --
2266 4385 2612 4466 άποπλεῖν
