3284 5159
1190 389 1371 455 LIB.
1417 389 1519 453 111.
1604 390 1803 451 cAP.
1842 393 1906 456 4.
2528 395 2654 459 151

450 579 683 654 habet.
788 579 967 647 Nam
999 577 1094 646 uti
1135 575 1382 648 dixit*
1334 608 1377 652 ο
1411 607 1490 652 τι
1533 573 1964 676 χρήσαιντο,
2016 580 2176 670 quia
2213 602 2290 650 re
2332 580 2404 649 in
2448 605 2655 676 prae-

451 707 601 753 sens
635 692 906 805 ternpus
947 683 1269 751 translata
1312 681 1672 753 dicendum
1710 690 1852 789 erat
1900 678 2087 761 ὅπως
2120 677 2656 774 βουλεύσωνται

450 783 497 859 5
528 813 605 858 τι
654 778 1095 881 χρήσωνται,
1147 786 1241 852 ita
1274 784 1536 876 scripsit
1576 781 1700 856 ὅτι
1731 780 1823 856 ἄν
1862 783 2138 909 δοκοίη,
2196 787 2352 874 quia
2396 785 2469 854 id
2511 796 2656 856 erat

449 885 639 969 ὅπως
666 882 1072 980 σύμβουλος
1116 889 1412 985 γένηται
1458 883 1580 960 ὅτι
1617 911 1712 959 αν
1752 885 1925 1010 δοκῇ
1954 881 2324 982 πράττειν.
2381 887 2653 977 vl1.5‚

446 989 569 1060 49.
626 982 1083 1115 ἐλογιζόμην,
1165 992 1236 1063 εἰ
1280 988 1518 1063 ταῦτα
1570 982 1970 1082 προθύμως
2018 1015 2138 1060 σοι
2191 985 2652 1085 συλλάβοιμι,

446 1091 535 1173 οἱς
589 1087 844 1173 οἰκεῖός
893 1094 983 1165 τέ
1041 1118 1158 1165 σοι
1201 1088 1513 1218 ἐσοίμην
1573 1088 1692 1164 και
1756 1084 2073 1173 ἐξέσοιτό
2134 1118 2267 1184 μοι
2333 1096 2653 1186 διαλέγε-

446 1194 632 1268 σθαί
684 1221 799 1268 σοι
853 1187 1126 1267 οπόσον
1179 1222 1271 1267 αν
1322 1218 1588 1287 χρονον
1636 1191 2058 1291 βουλοίμην.
2110 1194 2289 1266 VIII.
2336 1194 2409 1286 3,
2456 1196 2577 1268 48.
2608 1196 2653 1269 5

444 1293 517 1371 δ
569 1292 667 1370 αὖ
708 1290 991 1390 ἐνόμιζε
1025 1290 1582 1420 μακαριώτατος
1628 1292 1844 1372 εἶναι,
1881 1292 2001 1369 ὅτι
2034 1294 2428 1390 ἐπίτροπον
2475 1304 2649 1388 ἕξοι,

444 1393 709 1494 σχολήν
777 1401 1192 1495 παρέχοντα
1259 1392 1614 1493 πράττειν
1668 1395 1713 1470 ὅ
1763 1425 1839 1470 τι
1904 1396 1997 1470 ἂν
2048 1394 2251 1493 αὐτῷ
2318 1395 2455 1494 ηδυ
2519 1404 2647 1498 εἴη.

442 1502 638 1573 Sed
620 1526 688 1570 ιιι
727 1503 974 1573 eodem
1016 1503 1239 1593 capite
1268 1496 1342 1595 ς.
1376 1499 1496 1569 38.
1541 1499 1730 1590 quod
1758 1501 2006 1592 legitur
2030 1500 2119 1568 de
2165 1504 2430 1593 agello·
2483 1500 2530 1576 5
2571 1531 2650 1576 τι

439 1632 581 1698 γαρ
651 1603 744 1679 άν
808 1598 1024 1699 λάβοι
1082 1606 1403 1728 σπέρμα,
1495 1603 1721 1683 καλως
1781 1603 1903 1676 καὶ
1973 1603 2257 1685 δικαίως
2307 1601 2651 1678 άπεδίδου
2749 1635 2756 1640 ’

441 1700 633 1780 αὐτό
679 1734 764 1781 τε
830 1706 950 1780 καὶ
1008 1700 1228 1781 τόκον
1295 1703 1506 1779 ουδέν
1562 1732 1640 1778 τι
1704 1699 1963 1778 πολύν·
2038 1705 2107 1774 in
2152 1729 2236 1774 eo
2277 1708 2651 1777 tollendum

439 1806 558 1883 ἄν.
661 1810 822 1878 Non
854 1819 958 1880 est
999 1809 1175 1878 enim
1207 1808 1281 1876 id
1318 1831 1403 1877 ex
1434 1805 1479 1880 5
1500 1835 1578 1880 τι
1613 1836 1705 1879 αν
1731 1802 1978 1904 λάβῃ,
1992 1808 2115 1876 sed
2140 1830 2224 1877 ex
2254 1807 2299 1882 5
2323 1838 2399 1884 τι
2434 1813 2648 1904 ἔλαβε
2775 1900 2780 1909 ¹

436 1913 508 1980 in
551 1906 926 2004 optativum'
966 1934 1381 1980 conversum.
1482 1909 1757 1979 Addam
1788 1912 1916 1979 alia
1959 1911 2285 2005 optativi
2265 1936 2333 1981 m
2373 1913 2649 2004 obliqua

438 2017 740 2087 oratione
766 2038 898 2107 pro
940 2015 1360 2083 coniunctivo
1389 2013 1591 2108 positi
1622 2014 1950 2105 exempla.
2056 2012 2304 2084 cum·'
2259 2042 2299 2087 ο
2329 2012 2445 2104 ἄν,
2494 2016 2647 2086 He-

435 2117 658 2186 rodoti
705 2119 757 2187 Ι.
814 2117 986 2191 119.
1050 2115 1399 2186 Demosth.
1450 2139 1527 2209 p.
1573 2113 1747 2204 518,
1803 2116 1923 2189 13.
1987 2116 2111 2186 sed
2157 2127 2447 2208 utroque
2488 2119 2646 2188 loco

435 2221 546 2288 alii
576 2222 729 2288 libri
759 2221 1248 2290 coniunctivum
1292 2221 1640 2314 praebent.
1749 2218 1924 2290 Cum
1970 2217 2015 2292 5
2061 2246 2138 2292 τι
2174 2218 2265 2293 ἄν
2292 2220 2556 2296 Herod.
2587 2222 2641 2296 Ι.

439 2322 611 2392 119.
642 2333 712 2392 et
746 2346 901 2392 cum
946 2322 1126 2403 ὅσως
1163 2321 1253 2395 ἂν
1285 2323 1398 2391 Vl.
1450 2322 1573 2391 44.
1628 2320 1905 2403 cumm‘c
1947 2321 2039 2395 ἄν
2075 2321 2514 2416 simulatque
2557 2326 2644 2393 si-

433 2426 794 2520 gnificante
833 2428 885 2495 Ι.
933 2424 1057 2500 96.
1097 2425 1376 2517 Epicur.
1425 2427 1616 2517 epist.
1646 2450 1721 2520 p.
1761 2424 1883 2499 21.
1910 2417 1981 2522 §.
2008 2423 2133 2505 44,
2170 2426 2280 2500 ed.
2315 2427 2639 2501 Schneid.

437 2552 593 2597 cum
624 2529 792 2627 πρίν
819 2529 911 2601 ἄν
932 2528 1262 2619 ‘Xenoph.
1302 2529 1480 2601 Hell.
1513 2529 1602 2603 11.
1635 2528 1706 2614 3,
1746 2527 1869 2602 48.
1921 2526 1995 2613 4,
2027 2526 2148 2596 18.
2723 2569 2730 2576 ·

635 2633 947 2724 Apparet
999 2655 1083 2701 ex
1137 2632 1242 2699 his
1258 2685 1278 2722 ‚
1346 2631 1869 2724 reprehensione
1916 2645 2206 2701 vacuum
2258 2654 2406 2702 esse
2447 2655 2641 2703 usum

407 2726 712 2827 'optativi
745 2759 874 2827 pro
918 2735 1337 2804 coniunctivo
1352 2786 1372 2823 ‚
1422 2735 1732 2804 adiuncta
1772 2734 2099 2827 particula
2141 2732 2256 2808 ἄν.
2355 2734 2465 2803 Ex
2502 2760 2642 2827 quo

433 2837 660 2929 colligi
699 2846 955 2932 potest,
1009 2838 1320 2907 eamdem
1348 2838 1548 2906 etiam
1574 2839 2050 2931 particularum
2087 2834 2177 2916 uic
2206 2836 2297 2908 ἄν
2345 2827 2416 2906 ει
2453 2834 2640 2920 ὅπως

431 2939 526 3013 ἄν
560 2941 888 3010 rationem
935 2965 1100 3013 esse.
1203 2941 1432 3032 Atque
1477 2941 1663 3035 apud
1711 2942 1937 3033 epicos
1976 2937 2254 3029 quidem
2301 2949 2370 3008 et
2408 2940 2637 3010 Hero-

316 3090 321 3095 ·
431 3043 668 3113 dotum
696 3043 830 3117 hae
868 3045 1239 3138 particulae
1280 3045 1545 3136 saepius
1571 3044 1887 3135 obliquae
1916 3041 2228 3110 orationis
2263 3044 2639 3136 optativum

428 3169 559 3241 pro
593 3148 1014 3217 coniunctivo
1048 3147 1387 3216 adiectum
1422 3148 1698 3221 habent.
1804 3145 2058 3237 odyss,
2093 3154 2170 3218 θ
2207 3143 2327 3214 29.

529 3282 658 3407 '‘5²‘'
702 3310 836 3377 μιν
887 3278 1345 3409 μακρότερον
1397 3282 1518 3356 καὶ
1567 3275 1899 3356 πάσσονα
1950 3281 2175 3377 θῆκεν
2229 3273 2544 3370 ἰδέσθαι,

531 3412 622 3467 ως
669 3413 791 3460 κεν
845 3381 1241 3485 Φαιήκεσσι
1293 3383 1498 3482 φίλος
1547 3378 1895 3459 πάντεσσι
1938 3386 2249 3477 γένοιτο.

429 3564 498 3634 ρ.
529 3535 700 3607 362.

530 3686 845 3788 ὤτρυν’,
900 3687 995 3772 ὦς’
1038 3688 1131 3764 ἄν
1183 3683 1423 3788 πόρνα
1465 3681 1658 3762 κατά
1703 3685 2120 3786 μνηστῆρας
2175 3682 2473 3783 α’γείροι.

425 3826 653 3921 Mag-is
684 3836 760 3896 nt
776 3847 999 3934 posse
1020 3827 1464 3921 significetur,
1513 3852 1591 3899 ω.
1619 3823 1743 3894 89.

528 3961 726 4059 άμφ
777 3960 1070 4037 αὐτοῖσι
1112 3960 1182 4036 δ
1233 3965 1488 4037 ἔπειτα
1524 3959 1759 4056 μ’ἕγαν
1790 3959 1911 4034 καὶ
1948 3953 2294 4053 άμῦμονα
2338 3952 2629 4053 τύμβον

527 4061 843 4198 χεύαμεν
889 4063 1248 4190 Ἀργείων
1290 4058 1478 4161 ἱερος
1528 4089 1840 4161 στρατος
1891 4055 2314 4186 αἰχμητάων

525 4169 713 4266 α’κτῇ
762 4167 879 4243 ἐπὶ
924 4161 1379 4290 προυχούσῃ,
1429 4165 1546 4241 ἐπὶ
1597 4172 1862 4241 πλατεῖ
1901 4158 2424 4288 Ελληςπόντω,

527 4297 618 4353 ως
668 4299 790 4346 κεν
841 4265 1236 4396 τηλεφανης
1284 4274 1361 4344 ἐκ
1409 4263 1772 4364 ποντόφιν
1823 4260 2173 4391 ἀνδράσιν
2225 4269 2333 4365 εἴη

524 4380 678 4457 τοῖς
731 4380 812 4448 οἳ
853 4374 982 4448 νῦν
1033 4367 1373 4469 γεγάασι,
1423 4370 1543 4446 καὶ
1594 4377 1675 4445 οἳ
1715 4363 2169 4465 μετόπισθεν
2221 4371 2534 4443 ἔσονται.
