3284 5159
584 427 675 492 84
1256 424 1373 485 DE
1443 423 1996 484 PARTICVLA
2041 419 2137 487 ὃν

587 614 683 683 Et
702 637 859 682 cum
888 615 1223 707 particula
1251 615 1374 689 κὲν
1402 615 1593 684 Iliad.
1622 623 1699 709 β.
1731 614 1908 689 229.

689 765 739 864 ἢ
765 767 879 841 ἔτι
909 766 1029 840 καὶ
1052 767 1332 864 χρυσοῦ
1353 763 1761 861 ἐπιδεύεαι,
1815 765 1902 843 ὅν
1928 768 2016 843 κε’
2041 792 2157 850 τις
2189 768 2398 841 οἴσει.

587 947 649 992 κ.
686 917 810 991 43.

687 1099 872 1170 χρεω
903 1070 1167 1167 βουλῆς
1195 1071 1323 1163 ἐμὲ
1352 1073 1472 1144 καὶ
1502 1074 1580 1146 σὲ
1600 1124 1622 1163 ‚
1676 1074 2095 1170 διοτρεφές,
2148 1101 2205 1144 ω
2181 1067 2606 1164 ’Μενέλαὴ

685 1175 1094 1271 κερδαλέης,
1143 1170 1323 1302 ἥτις,
1323 1202 1443 1247 κεν
1471 1170 1852 1273 ἐρύσσεται
1883 1173 2012 1273 η’δὲ
2049 1169 2311 1249 σαιόσει

684 1272 1059 1372 Ἀργείους
1083 1276 1204 1348 καὶ
1232 1274 1424 1374 νῆας.

586 1426 875 1526 φ..586

683 1585 762 1656 ἐν
793 1573 932 1675 γάρ
968 1607 1039 1653 οι
1071 1579 1319 1661 πολέες
1345 1608 1429 1652 τε
1457 1579 1574 1652 καὶ
1600 1579 1899 1673 αλκιμοι
1938 1578 2186 1676 οἷνέρες
2213 1584 2468 1674 ἐσμεᾝν

684 1691 770 1756 οἴ
783 1709 903 1756 κεν
931 1676 1214 1805 πρόσθε
1249 1682 1475 1777 φίλων
1509 1686 1781 1758 τοκέων
1809 1678 2090 1775 α’λόχων
2116 1712 2200 1762 τε
2227 1685 2347 1758 καὶ
2384 1685 2600 1760 υἱέων

674 1785 907 1860 Ἴλιον
932 1779 1408 1883 εἰρυόμεσθα.

584 1961 664 2034 ψ.
691 1937 865 2011 674.

683 2085 1067 2186 κηδεμόνες
1090 2092 1177 2165 δέ
1194 2097 1270 2164 οἱ
1299 2085 1563 2166 ἐνθάδ’
1595 2087 1885 2171 οἷολλέες
1911 2084 2098 2164 αὖθι
2130 2084 2552 2184 μενόντων,

685 2200 863 2267 οἶκε
896 2220 1029 2285 μιν
1063 2193 1503 2284 ἐξοίσουσιν,
1556 2194 1733 2289 ἐμῇς
1761 2186 1910 2266 ὑπό
1935 2193 2137 2289 χερσὶ
2168 2196 2516 2287 δαμέντα.

582 2345 727 2417 Sed
763 2344 1013 2438 Odyss.
1044 2373 1114 2417 α.
1149 2344 1323 2415 403.
1355 2369 1496 2415 11011
1524 2353 1711 2414 recte
1732 2346 1875 2438 legi
1900 2344 2198 2434 videtur,

683 2492 791 2596 μή
799 2523 964 2622 γαρ
999 2493 1086 2590 ὅγ
1102 2493 1365 2571 ἔλθοι
1393 2491 1598 2596 α’νῆρ,
1663 2494 1851 2578 ὄςτις
1881 2493 1959 2569 σ’
1991 2494 2302 2571 ἀέκοντα
2326 2498 2546 2622 βίῃφι

685 2594 971 2696 κτήματ
985 2594 1503 2698 ἁπορῤαἰσει,
1555 2592 1928 2694 Ἰθάκης*
1882 2627 1999 2673 ετι
2025 2595 2484 2699 ναιεταῶσης.

580 2758 759 2826 Nam
783 2762 1070 2846 propter
1084 2776 1565 2847 praegressum
1591 2754 1964 2847 optativum
1993 2753 2421 2823 scribendum
2450 2753 2796 2857 estduop'-

581 2852 974 3029 ραισεέανθ
1015 2979 1180 3027 vero
1223 2967 1457 3050 pute8‚
1508 2958 1562 3026 si
1598 2958 1880 3027 multis’
1860 2981 1929 3025 111
1961 2957 2125 3027 locis
2178 2982 2396 3049 aeque
2437 2960 2664 3031 futuro
2710 2986 2793 3030 ac

580 3062 999 3133 coniunctivo
1036 3062 1226 3129 locus
1269 3069 1409 3148 est,
1460 3060 1569 3128 vel
1613 3061 1946 3153 particula
1989 3090 2080 3133 αν
2123 3070 2345 3130 utrum
2385 3063 2675 3134 addatur
2706 3089 2794 3133 au

578 3188 712 3235 11011
769 3164 1090 3249 addatur,
1159 3186 1406 3254 parum
1459 3163 1701 3251 refert,
1767 3163 1958 3246 nihii
1988 3164 2379 3233 discriminis
2432 3190 2579 3236 oese
2624 3170 2794 3237 inter
2843 3235 2848 3240 ,

575 3265 700 3336 has
737 3266 1054 3359 loquendi
1081 3266 1388 3335 rationes.
1456 3267 1634 3334 Nam
1669 3266 1987 3335 differunt
2012 3291 2207 3356 saue,
2261 3269 2383 3337 sed
2420 3294 2625 3362 saepe
2652 3293 2791 3340 11011

576 3371 860 3439 multum
911 3370 1216 3454 interest,
1283 3368 1420 3437 hoc
1477 3392 1561 3436 au
1615 3370 1732 3436 illo
1787 3369 1995 3437 modo
2041 3371 2343 3461 loquare.
2449 3374 2584 3442 vbi
2623 3397 2788 3442 vero

577 3473 830 3563 aliquid
882 3474 1191 3558 interest,
1273 3472 1472 3540 facile
1529 3471 1758 3540 videas
1772 3524 1791 3558 ‚
1874 3473 2038 3562 quid
2093 3473 2423 3542 differant.
2527 3477 2790 3546 Iudicat

578 3576 754 3646 enim
796 3576 1095 3643 futurum
1127 3596 1242 3661 ea,
1295 3598 1470 3663 quae
1510 3576 1893 3666 simpliciter
1927 3586 2002 3644 ut
2028 3577 2253 3645 futura
2293 3600 2787 3649 commemora-

574 3701 746 3766 mus,
777 3678 1019 3768 quibus
1050 3678 1104 3746 si
1134 3676 1400 3745 additur
1429 3676 1520 3749 ἄν
1552 3678 1662 3746 vel
1695 3680 1840 3767 κέν,
1877 3679 2064 3747 haud
2097 3690 2281 3750 certo
2311 3681 2539 3750 futura
2564 3684 2786 3776 sigui-

577 3784 875 3851 ficamus.
985 3779 1457 3849 Coniunctivus
1497 3791 1719 3848 autem
1751 3791 2132 3873 usurpatur,
2185 3785 2302 3851 ubi
2335 3787 2785 3877 experientiae

576 3884 1043 3976 comprobatio
1084 3883 1466 3974 respicitur,
1518 3884 1586 3949 in
1631 3906 1769 3974 quo
1801 3909 2053 3978 genere
2087 3895 2318 3976 potest
2352 3888 2507 3957 addi
2550 3890 2642 3963 ἄν
2674 3889 2785 3956 vel
2829 3933 2832 3938 »

574 3989 714 4070 κέν,
765 3988 820 4055 si
851 3987 1290 4076 vocabulum,
1344 3986 1450 4053 cui
1479 3986 1818 4072 adiicitur,
1874 3988 2323 4057 conditionem
2363 3992 2656 4081 aliquam
2681 3993 2782 4061 rei

574 4090 882 4158 fortuitae
914 4088 1217 4157 admittit.
1320 4088 1423 4157 lta
1446 4089 1613 4157 illud
1650 4089 1838 4158 Iliad.
1871 4118 1924 4162 ε.
1955 4089 2128 4159 407.

671 4258 839 4334 ὄττι
863 4253 1048 4354 μάλ’
1085 4256 1169 4332 οὐ
1201 4254 1530 4356 δηναιός,
1573 4258 1649 4339 ᾰς
1683 4254 2132 4333 ἀθανάτοισι
2161 4256 2527 4361 μα’χηται,

569 4435 769 4482 nemo
809 4435 946 4481 11011
976 4411 1158 4479 videt
1175 4461 1196 4496 ‚
1248 4391 1447 4482 etiam
1490 4412 1726 4482 addito
1762 4411 1855 4486 οἷν
1900 4412 2036 4481 dici
2062 4415 2382 4506 potuisse.
2487 4407 2633 4484 Sed
2677 4423 2782 4484 est
