3284 5159
1238 371 1410 476 LIB.
1454 413 1532 475 11.
1622 412 1810 476 cAP.
1859 417 1959 478 12.
2590 423 2721 485 129

693 601 838 670 Sed
877 602 1321 672 memorabile
1371 612 1475 672 est
1491 653 1513 692 ,
1573 603 1734 674 huic
1799 602 2223 673 coniunctivo
2274 604 2714 678 deliberativo
2825 602 2830 605 ’

485 726 622 771 non
667 728 814 774 esse
848 708 1075 775 locum
1105 709 1228 776 nisi
1275 709 1343 774 in
1377 709 1705 776 sententia
1748 708 2043 799 aliquam
2081 710 2508 800 negationem
2543 736 2709 781 con-

484 809 750 877 tinente.
860 810 1068 896 Quod
1116 811 1236 879 etsi
1282 811 1550 879 minime
1592 813 1838 879 mirum
1889 822 2023 897 est,
2075 822 2299 879 tamen
2319 861 2338 897 ‚
2394 817 2711 903 quoniam

485 934 691 1004 saepe
742 914 1088 982 recondita
1130 916 1294 982 latet
1334 914 1451 982 illa
1481 916 1792 1007 negatio,
1849 914 2093 1006 effugit
2134 915 2307 983 haec
2337 919 2506 985 ratio
2553 918 2708 987 dili--

482 1016 782 1105 gentiam
821 1017 1118 1085 virorum
1150 1018 1522 1087 doctorum.
1626 1020 1721 1086 At
1755 1019 1967 1087 omnis
2003 1017 2397 1086 deliberatio
2444 1031 2545 1089 est
2575 1022 2708 1090 du-

378 1192 383 1198 ,
481 1117 787 1201 biantis,
840 1120 1026 1208 quod
1060 1131 1158 1189 est
1196 1122 1546 1189 nescientis
1588 1121 1755 1210 quid
1796 1123 2021 1213 eligat.
2129 1116 2332 1189 Vnde
2372 1119 2501 1194 οὐκ
2544 1126 2703 1214 ἔχω,

446 1216 774 1313 ἀ’πορω,
832 1218 1303 1321 οἷμφιςβητω,
1358 1235 1469 1292 aut
1510 1226 1723 1293 simile
1767 1225 1931 1316 quid
1967 1224 2219 1313 ubique
2263 1225 2509 1325 subest.
2616 1230 2708 1296 Vt

480 1323 672 1415 apud
698 1326 1115 1418 Aeschylum
1141 1329 1368 1396 Prom.
1399 1327 1574 1397 779.

1313 1478 1484 1554 ἑλοῦ
1515 1473 1654 1575 γοῖρ
1686 1477 1732 1576 ἢ
1765 1507 1861 1551 τα
1896 1472 2118 1552 λοιποί
2160 1506 2279 1553 σοι

687 1574 939 1677 φράσω
984 1607 1358 1679 σαφηνως,
1415 1582 1459 1680 ἢ
1496 1611 1629 1657 τον
1669 1577 2040 1656 ἐκλύσοντ’
2067 1584 2217 1676 ἐμέ.

475 1733 627 1801 Nec
658 1735 919 1802 mirum.
1027 1735 1256 1820 Quum
1296 1737 1472 1804 enim
1505 1736 1804 1805 excultus
1855 1758 2078 1803 sermo
2127 1735 2572 1824 Graecorum,
2625 1746 2701 1806 ut

478 1860 687 1927 supra
746 1837 1031 1924 dictum,
1102 1840 1523 1908 coniunctivo
1564 1862 1700 1907 non
1741 1846 1966 1906 utatur
2010 1840 2078 1906 in
2127 1841 2449 1907 sententia
2496 1841 2700 1927 finali,

474 1940 598 2008 nisi
633 1942 959 2032 particula
1001 1943 1185 2010 finali
1225 1943 1488 2028 addita,
1539 1942 1941 2034 migraretur
1979 1965 2060 2009 ea
2091 1964 2362 2031 norma,
2408 1943 2464 2010 si
2507 1944 2697 2010 affir-

473 2045 767 2112 matione
816 2067 1215 2137 praegressa
1264 2046 1738 2115 deliberativas
1795 2045 2247 2112 coniunctivus
2296 2055 2697 2137 poneretur:

471 2157 548 2214 ut
586 2147 719 2236 ἔχω
770 2145 814 2219 5
854 2175 931 2218 τι
980 2148 1128 2241 (pai,
1210 2148 1444 2218 habeo
1489 2149 1688 2241 quod
1732 2147 1999 2216 dicam.
2100 2146 2295 2216 Haec
2336 2149 2514 2217 enim
2563 2149 2697 2217 iam

471 2272 613 2317 non
659 2249 1087 2339 deliberatio,
1141 2276 1362 2342 neque
1411 2252 1871 2321 conditionalis
1920 2252 2242 2319 sententia
2289 2259 2426 2335 est,
2481 2253 2694 2340 qualis

475 2348 605 2425 οὐκ
637 2353 770 2442 ἔχω
808 2350 853 2425 5
882 2381 959 2425 τι
999 2353 1155 2447 (pai,
1210 2356 1333 2424 sed
1377 2357 1611 2428 finaliS.
1664 2355 1964 2423 Diximus
2000 2354 2176 2421 enim
2208 2354 2275 2420 in
2319 2356 2498 2422 omni
2540 2378 2722 2423 sen-1

471 2456 679 2523 tentia
711 2456 1141 2525 conditionali
1172 2483 1301 2552 per
1331 2458 1826 2528 coniunctivum
1856 2457 2214 2550 significari
2239 2457 2540 2526 futurum
2572 2482 2694 2527 ex·-

473 2568 698 2628 actum
719 2582 765 2627 :‘
791 2583 877 2628 eo
914 2570 1139 2629 autem
1184 2563 1388 2651 illud,
1439 2562 1626 2653 quod
1671 2562 1991 2652 primario
2041 2562 2254 2629 verbo
2301 2561 2690 2645 continetur,

471 2664 802 2754 posterius
850 2687 995 2732 esse
1049 2664 1290 2754 debet,
1344 2670 1423 2734 ut'
1460 2659 1588 2737 5022·
1638 2667 1884 2761 θέλῃς,
1940 2666 2133 2745 λέξω.
2236 2663 2431 2733 Haec
2485 2665 2541 2733 si
2600 2665 2692 2733 ad

472 2765 639 2833 illud
665 2768 1042 2853 transferaS‚
1099 2765 1226 2842 οὐκ
1260 2771 1393 2859 ἔχω
1432 2765 1477 2840 5
1506 2796 1584 2840 τι
1621 2768 1763 2863 φῶ,
1815 2775 2002 2835 recte
2034 2790 2105 2835 se
2139 2765 2419 2835 habebit
2451 2769 2689 2843 oratio.

470 2871 651 2937 Nam
692 2867 737 2942 5
777 2898 853 2942 τι
888 2870 1003 2964 φῶ
1036 2873 1315 2964 proprie
1358 2880 1459 2965 est
1504 2873 1702 2963 quod
1745 2871 1996 2938 dicere
2022 2878 2359 2963 repertus
2390 2870 2567 2940 sim:
2618 2871 2693 2939 id

469 2973 676 3064 igitur
703 2973 1005 3040 nondum
1054 2985 1342 3064 constat,
1398 2974 1522 3043 sed
1554 2974 2080 3067 exspectandum
2122 2973 2395 3041 demum
2438 2983 2559 3060 est,
2605 2998 2690 3042 an

471 3077 618 3166 quis
657 3076 884 3144 dicere
916 3079 1328 3170 reperiatur:
1368 3080 1592 3167 itaque
1628 3079 1691 3147 ei
1718 3086 1903 3145 recte
1944 3076 2114 3144 illud
2143 3077 2366 3168 ipsum
2400 3076 2689 3160 additur,

473 3174 602 3251 οὐκ
643 3180 798 3268 ἔχω.
880 3181 974 3247 At
1002 3183 1055 3249 si
1086 3181 1271 3251 dicas
1312 3183 1446 3271 ἔχω
1486 3180 1607 3254 ὅτι
1638 3181 1791 3275 φῶ,
1824 3180 2303 3272 repugnabunt
2342 3179 2514 3247 haec
2542 3180 2685 3251 sibi.

467 3282 648 3350 Nam
680 3305 883 3372 quum
922 3280 968 3355 5
998 3312 1069 3355 τι
1119 3286 1236 3377 φῶ
1271 3286 1456 3372 dicis,
1509 3285 1581 3353 id
1621 3293 1695 3351 ut
1737 3284 2056 3367 futurum,
2112 3282 2318 3372 idque
2361 3284 2690 3351 incertum

467 3385 706 3476 ponis;
760 3410 966 3475 quum
1004 3397 1230 3456 autem
1279 3390 1413 3477 ἔχω
1459 3388 1730 3470 adficis,
1779 3388 1915 3454 iam
1960 3409 2278 3479 praesens
2318 3395 2386 3454 et
2431 3396 2689 3453 certum
2749 3386 2756 3397 ’

469 3511 615 3556 esse
668 3488 830 3556 dicis
867 3490 1066 3578 illud,
1120 3491 1308 3580 quod
1340 3513 1424 3558 ex
1462 3492 1587 3559 ista
1634 3492 1859 3558 futura
1900 3514 1976 3558 re
2018 3489 2345 3582 pendeat,
2400 3490 2604 3557 veluti
2635 3490 2689 3557 si

468 3590 690 3660 dicas:
762 3590 1033 3677 habeo,
1097 3595 1295 3685 quod
1340 3593 1620 3662 dixero.
1729 3591 2217 3680 Omninoque
2199 3615 2266 3659 m
2312 3614 2394 3659 eo
2418 3643 2438 3677 ‚
2504 3592 2691 3680 quod

467 3705 570 3763 est
611 3693 846 3763 habeo
882 3697 1089 3787 >quod
1137 3698 1426 3784 dicam,
1495 3697 1872 3766 nihil'inest
1922 3696 2450 3764 deliberationis:
2506 3694 2690 3762 unde

465 3822 552 3867 ne
594 3798 782 3867 verbi
826 3800 1102 3889 quidem
1161 3800 1405 3885 modo,
1460 3792 1577 3889 qui
1621 3800 2081 3867 deliberationi
2125 3798 2428 3882 inservit,
2498 3798 2688 3865 locus

469 3910 587 3973 est.
692 3901 927 3991 Itaque
969 3927 1103 3971 non
1151 3905 1245 3971 sic
1294 3904 1659 3993 loquuntur
1714 3902 2002 3989 Graeci,
2065 3901 2187 3969 sed
2234 3910 2351 3968 aut
2391 3900 2689 3967 futurum

466 3994 826 4092 adhibent,
882 4016 997 4073 aut
1041 4007 1238 4073 aliam
1278 4008 1607 4100 figuram:
1668 4007 2004 4098 planeque
2046 4004 2425 4097 comparari
2463 4012 2691 4097 potest

464 4107 659 4202 πρίν,
713 4110 899 4196 quod
934 4132 1071 4176 non
1100 4111 1224 4178 nisi
1251 4112 1617 4203 negatione
1651 4131 2051 4201 praegressa
2079 4130 2236 4175 cum
2268 4107 2480 4175 verbo
2500 4116 2689 4174 recto

466 4213 895 4282 construitur:
949 4212 1037 4279 de
1068 4237 1201 4303 qua
1235 4237 1311 4282 re
1349 4213 1485 4281 dixi
1516 4213 1605 4281 ad
1634 4213 1874 4305 Eurip.
1918 4210 2114 4283 Med.
2154 4205 2325 4278 215.
2361 4218 2429 4278 et
2454 4209 2692 4278 Reisi-

463 4314 615 4404 gius
663 4315 731 4381 in
761 4314 914 4382 diss.
963 4316 1051 4383 de
1088 4318 1413 4408 particula
1442 4316 1532 4388 ἂν
1568 4340 1640 4408 p.
1683 4312 1854 4382 105.
1891 4338 2034 4404 seq.
2138 4312 2374 4382 Edidit
2418 4312 2694 4404 quidem

463 4416 822 4486 Bekkerus
866 4419 1053 4510 apud
1077 4421 1433 4489 Platonem
1458 4421 1531 4488 in
1554 4418 1872 4487 Phaedro
1903 4441 1977 4510 p.
2008 4415 2183 4486 255.
2212 4418 2299 4487 Ε.
2331 4422 2406 4491 ἐν
2436 4411 2568 4492 οὖν
2603 4413 2697 4513 τῇ
