3284 5159
550 397 681 462 136
987 453 993 457 ,
1226 391 1344 453 DE
1413 342 1971 453 PAR'richA
2016 384 2108 455 εν
2175 429 2198 451 N

559 606 696 677 que
733 590 811 651 ut
855 574 946 654 νοῖ
991 582 1192 671 illud,
1244 606 1382 674 quo
1424 583 1633 652 hodie
1682 592 1959 653 utuntur
1998 582 2283 668 Graeci,
2334 582 2541 662 veluti
2581 581 2790 675 pestis

562 686 901 779 quaedam
933 687 1309 755 universam
1338 670 1608 780 linguae
1637 690 1971 757 rationem
1996 695 2478 776 corrumperet.

767 788 912 858 Sed
951 792 1288 860 mittamus
1318 790 1486 874 hoc,
1531 792 1722 881 quod
1772 799 2133 879 corruptae
2177 789 2483 858 dictionis
2531 797 2669 875 est,
2724 799 2794 859 ει

563 916 846 986 agamus
889 894 1024 961 iam
1071 892 1181 981 id,
1247 894 1439 985 quod
1481 894 1595 962 hic
1636 896 1825 964 locus
1877 894 2003 962 sibi
2044 892 2372 984 postulat,
2432 901 2507 959 ut
2564 902 2791 974 osten-

564 998 802 1065 damus
817 1045 838 1082 ,
893 1020 1013 1065 cur
1054 1019 1188 1064 non
1229 997 1490 1066 dicatur
1516 993 1617 1071 ἵν’
1664 996 1793 1088 ἄν,
1842 997 1965 1065 ubi
2001 1007 2084 1066 ut
2117 995 2628 1089 significandum
2674 1006 2795 1067 est.

562 1101 795 1169 Posita
828 1109 930 1169 est
972 1100 1170 1168 huius
1212 1103 1311 1169 rei
1337 1103 1510 1169 ratio
1553 1102 1626 1168 in
1660 1125 1781 1188 εο,
1834 1100 2024 1191 quod
2066 1108 2184 1173 ἵνα
2227 1101 2509 1191 proprie
2545 1098 2668 1168 ubi
2697 1101 2793 1169 si-

566 1204 865 1299 gnificat.
970 1203 1052 1271 ld
1083 1205 1261 1273 enim
1300 1205 1455 1295 quia
1488 1214 1723 1273 natura
1765 1227 1884 1272 sua
1925 1203 2272 1273 definitum
2311 1212 2444 1288 est,
2501 1213 2570 1270 et
2607 1203 2697 1271 ad
2720 1203 2795 1271 id

566 1309 840 1398 ipsum,
894 1307 982 1374 de
1025 1330 1162 1395 quo
1195 1330 1415 1376 sermo
1447 1318 1581 1394 est,
1633 1308 1960 1396 refertur,
2011 1306 2226 1374 arc'eri
2259 1307 2555 1398 postulat
2586 1308 2792 1399 parti·

569 1408 876 1484 culam
825 1438 916 1482 αν
934 1459 956 1497 ,
1007 1418 1081 1477 ιιι
1111 1434 1287 1499 quae
1317 1435 1464 1479 rem
1495 1434 1648 1479 eam
1682 1412 2002 1479 incertam
2035 1420 2105 1479 et
2145 1409 2422 1478 dubiam
2449 1409 2796 1479 redditura

570 1617 628 1689 si
654 1616 934 1709 proprie
955 1617 1475 1710 interpretamur
1490 1669 1510 1706 ,
1564 1628 1667 1685 est
1688 1618 1831 1686 huc
1862 1617 2056 1702 veni,
2096 1613 2218 1684 ubi
2248 1613 2635 1685 verberari
2669 1617 2797 1684 de

570 1717 780 1811 beas,
833 1743 969 1788 non
1008 1743 1143 1808 quo
1184 1721 1352 1788 illud
1390 1719 1513 1790 ubi
1554 1720 1645 1787 ad
1688 1721 1830 1790 huc
1857 1720 2215 1808 referatur,
2268 1719 2390 1788 sed
2424 1720 2581 1809 quia
2632 1743 2793 1811 spe-

571 1831 711 1892 ctat
748 1822 837 1892 ad
874 1831 1090 1890 totum
1121 1825 1286 1891 illud
1324 1825 1467 1894 huc
1498 1823 1681 1909 veni,
1733 1825 1777 1897 i.
1821 1847 1878 1892 e.
1912 1823 1980 1891 in
2022 1846 2157 1914 qua
2198 1846 2308 1908 re,
2358 1824 2427 1891 in
2465 1822 2795 1893 veniendo

568 1925 726 1998 huc.
832 1926 949 1994 Sic
985 1921 1265 2009 κτανών
1294 1932 1362 2009 ἐς
1391 1924 1597 2019 οἶδμ’
1632 1921 1803 2007 «inde
1831 1922 2162 2022 μεθῆκ’,
2219 1921 2316 1999 ἵν’
2353 1919 2795 2019 αὐτόςιχρυ-
2824 1992 2829 1997 .

571 2023 703 2105 σδν
743 2032 820 2102 ἐν
860 2022 1112 2121 δόμοις
1142 2031 1263 2127 ἔχῃ
1280 2085 1308 2120 ,
1361 2031 1429 2101 in
1458 2053 1658 2099 mare
1690 2031 2022 2123 proiecit,
2075 2027 2230 2116 ubi,
2281 2030 2325 2102 i.
2360 2051 2417 2097 ε.
2469 2029 2537 2096 in
2582 2028 2794 2119 proii-

576 2131 821 2207 ciendo
877 2155 1206 2225 corpore,
1234 2135 1415 2227 ‚ipse
1459 2142 1700 2205 servet
1749 2155 2015 2202 aurum
2032 2180 2053 2218 ‚
2110 2132 2297 2223 quod
2332 2132 2549 2223 possis
2594 2133 2798 2200 etiam

574 2234 803 2310 dicere
831 2235 908 2305 in
939 2259 1087 2329 qua
1121 2258 1227 2323 re,
1277 2239 1389 2306 vel
1419 2260 1568 2329 qua
1594 2260 1697 2306 re.
1760 2236 1940 2305 Eam
1973 2259 2120 2304 rem
2146 2244 2370 2307 autem
2391 2243 2584 2328 patet
2613 2259 2794 2303 sem—

570 2360 704 2430 per
760 2348 1011 2407 certam
1056 2363 1236 2408 esse:
1290 2351 1391 2410 est
1430 2343 1606 2410 enim
1642 2339 1811 2407 illud
1854 2341 2076 2433 ipsum
2098 2395 2118 2429 ‚
2184 2362 2322 2430 quo
2367 2361 2606 2407 caussa
2654 2340 2792 2406 eius

573 2440 762 2531 quod
806 2442 1238 2511 efficiendum
1275 2453 1396 2513 est·
1422 2445 1816 2516 continetur.
1925 2442 2133 2529 Quod
2163 2444 2218 2510 si
2256 2437 2355 2514 ἵν’
2381 2440 2471 2514 ἄν
2517 2441 2795 2531 dicereS‚

574 2554 753 2613 esset
781 2544 855 2612 id
883 2545 958 2612 in
989 2568 1080 2614 ea
1120 2568 1237 2636 re,
1291 2547 1356 2616 si
1385 2571 1476 2616 ea
1511 2548 1586 2616 in
1616 2569 1737 2637 re,
1788 2548 1961 2615 sicut
2003 2545 2079 2626 ὃς
2121 2544 2212 2618 ἄν
2255 2554 2357 2613 est
2398 2545 2574 2638 qui.‚-
2610 2546 2674 2614 εἰ
2709 2546 2795 2631 ie,

574 2647 764 2737 quod
791 2656 891 2715 est
923 2649 1348 2743 quicumque
1375 2652 1487 2720 vel
1518 2649 1864 2744 quisquis.
1937 2650 2148 2738 Atqui
2176 2649 2270 2716 sic
2298 2649 2484 2737 quod
2516 2670 2640 2740 per
2669 2650 2794 2717 ali-

572 2773 780 2840 quam
810 2774 958 2819 rem
988 2753 1169 2822 effici
1211 2754 1577 2839 diceretur,
1615 2754 1828 2822 'simul
1874 2776 2013 2821 non
2052 2775 2180 2844 per
2220 2750 2398 2818 hanc
2439 2775 2621 2837 rem,
2676 2752 2796 2820 se³d

568 2875 703 2945 per
728 2857 1032 2945 quamvis
1062 2858 1260 2924 aliam
1291 2858 1782 2951 significaretur
1808 2850 2023 2945 effici,
2078 2877 2297 2945 eoque
2328 2856 2582 2947 periret
2608 2856 2793 2947 illud,

569 2957 759 3047 quod
789 2968 933 3026 erat
975 2959 1356 3042 dicendum,
1413 2985 1558 3055 qua
1588 2984 1709 3050 re,
1761 2961 1802 3029 i.
1839 2984 1897 3029 e.
1922 2968 2038 3044 ut,
2090 2959 2240 3044 vel,
2271 2967 2349 3025 ut
2376 2981 2653 3050 prorsus
2702 2960 2794 3027 si-

570 3061 714 3128 mili
757 3063 1091 3130 vocabulo
1137 3063 1457 3149 reddam,
1525 3086 1685 3157 quo.
1790 3063 1871 3131 Id
1915 3063 2025 3131 vel
2069 3062 2357 3131 maxime
2399 3064 2689 3130 cernitur
2729 3063 2796 3130 in

494 3250 498 3256 .
571 3164 652 3233 iis
715 3171 891 3252 quae
956 3166 1176 3234 obiter
1218 3167 1631 3236 adiiciuntur.
1713 3166 2034 3259 Xenoph.
2082 3166 2322 3257 Symp.
2381 3163 2465 3252 2,
2526 3163 2645 3232 26.
2709 3163 2795 3259 ἢν

575 3266 654 3339 δὲ
703 3264 878 3362 ημῖν
924 3273 997 3338 οἱ
1054 3273 1303 3350 παῖδες
1352 3276 1646 3365 μικραῖς
1697 3264 1924 3351 κύλιξι
1966 3262 2201 3373 πυκνοῖ
2249 3262 2793 3361 ε’πιψεκοίζωσιν,

577 3375 700 3439 ἵνα
728 3366 846 3439 καὶ
887 3363 1023 3461 ἐγω
1058 3375 1133 3444 ἐν
1173 3372 1552 3467 Γοργείοις
1594 3366 1914 3495 ρήμασιν
1950 3372 2163 3454 εἴπω,
2218 3368 2445 3452 οὕτως
2478 3367 2567 3444 οὗ
2616 3378 2792 3465 βια-

578 3469 873 3561 ζόμενοι
931 3499 1073 3544 υπο
1131 3475 1267 3546 τοῦ
1314 3478 1518 3547 οἴνου
1565 3469 1924 3567 μεθύειν,
2004 3470 2167 3546 ἀλλ’
2216 3468 2796 3567 ἀναπειθόμενοι

574 3599 774 3667 προς
770 3600 870 3644 το
901 3579 1550 3671 παιγνιωδέστερον
1575 3571 2022 3670 ἀφιξόμεθα
2126 3578 2180 3651 Ι.
2217 3600 2277 3644 ε.
2310 3579 2591 3669 proprie
2622 3599 2797 3646 nam
2826 3669 2829 3672 ἡ

577 3676 644 3743 si
659 3676 880 3767 pueri
910 3675 1116 3747 nobis
1141 3680 1406 3771 parvis
1451 3677 1806 3749 calicibus
1849 3699 2072 3772 saepe
2095 3731 2114 3766 ‚
2169 3677 2291 3749 ubi
2333 3702 2477 3772 ego
2523 3702 2798 3773 quoque

434 3790 459 3807 ⁴*
583 3778 896 3870 Gorgea
908 3802 1084 3848 voce
1101 3782 1383 3869 dixero,
1413 3783 1758 3852 irrorent.
1813 3785 2121 3874 Apparet
2144 3784 2279 3851 hoc
2293 3783 2437 3852 fere
2453 3784 2634 3853 idem
2653 3807 2797 3853 esse

576 3891 781 3971 atque
823 3879 978 3967 ubi,
1018 3885 1060 3954 i.
1081 3908 1138 3952 e.
1171 3886 1235 3953 si
1267 3886 1445 3953 mihi
1477 3887 1771 3955 licuerit
1808 3885 2123 3978 Gorgea
2153 3908 2326 3956 voce
2360 3888 2485 3990 uti.
2553 3889 2797 3977 Longe

576 3985 776 4052 aliam
817 4008 982 4052 vero
1022 3989 1504 4077 particularum
1546 4015 1633 4066 ως
1677 3999 1745 4057 ει
1786 3986 1973 4069 ὅπως
2012 3991 2342 4058 rationem
2394 4014 2542 4059 esse
2587 3999 2794 4081 patet.

574 4087 731 4155 Hae
772 4088 950 4154 enim
990 4098 1227 4157 natura
1272 4113 1391 4159 sua
1425 4092 1514 4159 ad
1553 4090 1664 4176 id,
1717 4091 1903 4179 quod
1955 4102 2185 4185 potest
2232 4093 2430 4160 etiam
2471 4094 2796 4162 incertum

578 4211 724 4257 esse
740 4234 762 4273 ‚
814 4190 1198 4260 referuntur
1216 4243 1237 4278 ‚
1306 4192 1600 4282 ideoque
1652 4193 2008 4262 admittunt
2052 4196 2457 4287 particulam
2495 4195 2606 4269 ἄν.
2709 4198 2800 4264 Vt

576 4287 769 4372 ὅπως
802 4289 893 4364 ἄν
940 4294 1169 4387 εἰδῇς,
1225 4295 1411 4385 quod
1444 4307 1546 4365 est
1571 4295 1709 4365 tali
1739 4297 2062 4387 quodam
2091 4299 2310 4368 modo
2343 4321 2482 4392 quo
2519 4321 2798 4393 coguo-
2887 4376 2891 4382 ,

575 4415 752 4463 scas
785 4395 895 4463 vel
926 4418 1216 4488 quoquo
1242 4399 1463 4468 modo
1498 4416 1928 4495 cognoscas,
