3284 5159
559 431 646 496 τι
1005 398 1008 401 ’
1246 377 1361 493 ma
1408 430 1965 493 PARTmVLA
2007 426 2104 496 ἂν

556 627 868 711 tempore
898 620 1174 712 intelligi
1189 668 1210 706 ‚
1263 642 1347 689 ex
1382 643 1467 688 eo
1509 642 1932 713 cognoscere
1958 623 2115 691 licet
2148 624 2316 714 quid
2350 627 2781 697 statuendum

558 723 645 791 sit
673 722 763 790 de
796 723 1263 817 Aristophanis
1296 725 1499 792 loco
1481 748 1549 792 m
1575 725 1840 796 Eccles.
1875 724 2046 797 141).

763 875 882 947 καὶ
930 904 1017 973 νη
1073 876 1225 951 Δία
1281 876 1668 950 σπένδουσί
1715 872 1787 969 γ’
1841 877 1887 974 ἢ
1938 877 2135 961 τίνος
2184 872 2399 1001 χάριν

763 974 1095 1053 τοσαῦτα
1147 976 1220 1071 γ’
1277 977 1602 1070 εὔχοντ’,
1660 982 1859 1076 εἰπερ
1913 978 2106 1062 οἶνος
2154 976 2264 1080 μή
2314 983 2597 1080 παρῆνς

555 1129 904 1200 Audacius
938 1141 1008 1199 et
1044 1134 1359 1201 temerius
1395 1131 1604 1201 edidit
1634 1132 2017 1202 Brunckius
2041 1184 2061 1222 ,
2118 1134 2168 1258 ἢ
2198 1133 2393 1216 τίνος
2436 1134 2527 1208 ἂν
2564 1131 2778 1232 χάριν

554 1231 868 1307 τοσαῦτ’
912 1229 1348 1326 ἑπεύχοιντῖ
1455 1235 1613 1304 Ald.
1657 1234 1965 1309 τοσαῦτ’
1995 1231 2395 1327 ἐπεύχοντ’.
2499 1240 2778 1307 Raven-

554 1360 675 1404 nas
712 1334 1023 1410 τοσαῦτ’
1067 1335 1378 1428 εὔχοντ’.
1484 1339 1593 1405 Ex
1640 1339 1794 1406 cod.
1837 1339 2113 1422 Monac.
2157 1341 2344 1432 apud
2382 1343 2779 1410 Dobraeum

553 1438 947 1508 adnotatum
994 1437 1312 1520 τοσαῦτ’,
1361 1437 1622 1531 ἔχοντ’.
1726 1442 1924 1510 Patet
1971 1466 2172 1532 vero,
2243 1442 2536 1534 εὔχοντ’
2585 1447 2776 1526 illud,

552 1544 607 1612 si
643 1544 789 1632 quis
823 1544 896 1611 id
933 1540 1236 1633 εὔχοντο
1274 1567 1420 1612 esse
1445 1552 1662 1636 putat,
1707 1546 1892 1613 nullo
1923 1546 2133 1615 modo
2159 1548 2541 1639 significare
2569 1572 2775 1639 posse

539 1656 1061 1740 precarentur.
1165 1648 1398 1732 Quare
1449 1656 1565 1715 aut
1620 1657 1724 1715 est
1762 1647 2143 1739 εὔχονται,
2211 1660 2361 1739 aut,
2416 1653 2473 1719 si
2519 1653 2776 1743 imper-

549 1750 807 1819 fectum
835 1759 971 1838 est,
1025 1751 1224 1817 scribi
1252 1751 1459 1819 debet
1481 1748 1794 1823 τοσαῦτ’
1827 1779 1918 1823 αν
1949 1749 2257 1843 εὔχοντ’.

755 1854 1086 1922 Adiiciam
1130 1853 1270 1943 his,
1322 1862 1396 1922 ut
1432 1876 1571 1922 non
1607 1853 1746 1921 huc
1771 1856 2112 1947 pertinere
2149 1878 2498 1945 moneam,
2550 1841 2776 1925 locum

547 1956 772 2028 Aiacis
798 1955 1062 2027 v.183.

756 2107 1029 2183 οὔποτε
1080 2102 1220 2204 γάρ
1274 2103 1642 2206 φρενόθεν
1692 2105 1765 2204 γ’
1818 2107 1938 2185 ἐπ’
1992 2104 2340 2207 οἷρισεροῖ,

754 2219 896 2284 παῖ
947 2212 1406 2305 Τελαμῶνος,
1462 2213 1632 2304 ἔβας

753 2308 1068 2403 τόσσον,
1122 2318 1200 2387 ἐν
1250 2320 1596 2407 ποιμναῖς
1645 2307 1942 2388 πιτνοῖν.

546 2466 1000 2537 Blomfieldus
1046 2468 1137 2535 ad
1183 2466 1509 2558 Aeschyli
1542 2469 1727 2538 PerS.
1766 2465 1942 2537 871.
1990 2468 2081 2541 ἄν
2114 2468 2540 2537 inserendum
2568 2478 2772 2562 puta-

545 2574 686 2645 bat.
788 2571 883 2639 At
931 2571 1107 2638 illud
1158 2594 1294 2639 non
1355 2571 1422 2639 in
1466 2570 1644 2640 hanc
1692 2573 2087 2640 sententiam
2136 2573 2607 2670 accipiendum
2649 2581 2772 2659 est,

544 2699 690 2745 non
731 2674 841 2743 ita
873 2673 1331 2759 insaniisse-s,
1390 2674 1513 2742 sed
1550 2675 1688 2745 hoc
1726 2675 1936 2744 modo
1969 2676 2577 2768 interpretandum:
2629 2698 2773 2745 mm

546 2779 737 2850 enim
768 2801 818 2846 a
847 2773 1313 2852 sana'mente
1351 2777 1463 2848 ita
1505 2779 1615 2847 ad
1627 2800 1994 2872 perversa
2027 2778 2424 2849 aberrasti.

754 2882 1118 2951 Caeterum
1154 2883 1354 2950 etiam
1382 2882 1729 2950 Romanos
1762 2892 2021 2950 constat
2048 2883 2289 2951 eadem
2320 2885 2544 2975 figura
2563 2935 2584 2972 ,
2639 2904 2772 2972 qua

545 2984 799 3053 Graeci
839 2987 936 3053 uti
985 2994 1505 3072 consueverunt,
1554 2987 1626 3054 in
1665 3008 1742 3053 re
1787 2987 2150 3077 praeterita
2195 2986 2593 3055 indicativos
2639 3009 2772 3077 pro

545 3089 977 3155 coniunctivis
1020 3111 1369 3180 usurpare.
1473 3088 1650 3157 Satis
1692 3087 1920 3156 habeo
1962 3089 2050 3157 de
2092 3089 2393 3180 plurimis
2426 3113 2632 3158 unum
2664 3090 2770 3157 af-

543 3190 724 3259 ferre
755 3192 1159 3283 exemplum.
1264 3192 1585 3260 Horatius
1623 3191 1851 3262 Carm.
1880 3192 1967 3260 Π.
1996 3191 2116 3279 17,
2146 3190 2265 3260 28.

874 3364 991 3411 me
1043 3351 1346 3413 truncus
1397 3343 1709 3437 illapsus
1757 3343 2059 3414 cerebro

958 3447 1403 3536 sustulerat,
1454 3449 1596 3518 nisi
1647 3448 1948 3519 Faunus
1999 3448 2221 3518 ictum

802 3548 1079 3619 dextra
1131 3550 1464 3622 levasset.

543 3954 675 4024 De
724 3955 1258 4029 indicativo
1292 3961 1800 4054 particula
1842 3957 1952 4033 ἄν
1995 3956 2359 4028 ironice
2406 3957 2764 4027 omissa.

745 4109 1057 4199 Denique
1090 4112 1219 4179 alia
1250 4114 1418 4182 ratio
1452 4125 1553 4184 est
1580 4114 1897 4184 orationis
1927 4112 2238 4180 ironicae.
2347 4112 2527 4178 Nam
2558 4135 2764 4200 quum

539 4210 794 4278 ironiae
835 4212 953 4299 sit,
1009 4217 1414 4284 contrarium
1445 4221 1699 4308 dicere,
1751 4239 1955 4307 quam
1992 4215 2273 4306 intelligi
2312 4214 2577 4300 debeat,
2627 4238 2764 4283 non

535 4320 643 4381 est
672 4314 1070 4406 obscurum,
1128 4343 1244 4405 ea,
1297 4343 1472 4410 quae
1515 4323 1657 4390 sine
1703 4321 1920 4389 ironia
1964 4341 2119 4386 cum
2159 4318 2490 4410 particula
2532 4345 2624 4391 αν
2656 4319 2762 4386 di-

544 4417 760 4485 cenda
794 4431 1042 4508 essent,
1095 4423 1149 4490 si
1177 4423 1429 4492 ironice
1462 4425 1793 4516 dicuntur,
1849 4445 2080 4491 carere
2114 4420 2368 4491 debere
2413 4424 2759 4513 particula.
