3284 5159
1225 445 1397 507 LIB.
1436 443 1516 506 11.
1607 443 1801 504 GAP.
1847 445 1947 511 12.
2548 445 2674 509 127

456 635 1162 730 iunctivumusurpari
1180 658 1405 727 posse,
1445 635 1568 704 sed
1599 641 1852 705 certam
1879 634 2121 727 cuique
2148 636 2475 705 rationem
2504 658 2670 706 esse.

455 747 548 815 Vt
577 748 648 815 in
682 742 901 836 Soph.
930 738 1108 813 Oed.
1138 739 1225 807 R.
1264 734 1436 807 325.

1291 892 1380 975 οἷς
1420 888 1551 967 οὖν
1580 888 1762 991 μηδ’
1790 885 1929 985 ἐγώ
1952 885 2232 964 ταύτόν
2265 886 2528 970 πάθω,

457 1059 643 1121 recte
671 1049 766 1119 sic
796 1048 1052 1117 dictum
1081 1054 1200 1115 est.
1304 1045 1597 1116 Veretur
1624 1047 1802 1115 enim
1831 1045 2126 1115 Tiresias
2139 1095 2163 1133 ‚
2214 1070 2334 1135 ne,
2386 1049 2441 1116 si
2470 1046 2675 1137 dicat,

460 1154 649 1246 quod
680 1153 813 1221 dici
834 1152 978 1220 vult
1022 1148 1331 1241 Oedipus
1351 1201 1372 1238 ‚
1424 1150 1651 1218 laedat
1686 1150 1909 1218 illum:
1963 1151 2405 1240 quamobrem
2448 1161 2675 1224 tacere

460 1258 732 1328 mavult.
792 1282 803 1290 ·
839 1253 1050 1341 Quod
1093 1255 1149 1321 si
1176 1253 1481 1342 dixisset,
1535 1251 1626 1334 οἷς
1663 1248 1794 1325 οὖν
1822 1249 1995 1350 μηδ’
2041 1247 2178 1344 ἐγώ
2205 1249 2484 1329 ταύτὸν
2504 1254 2675 1329 πεί-

463 1387 728 1453 σομαι,
781 1357 916 1426 hoc
941 1358 1380 1450 significasset
1414 1353 1615 1425 idem*
1642 1355 1851 1442 mihi,
1906 1357 2104 1449 quod
2138 1354 2286 1442 tibi,
2340 1359 2676 1430 accidet:

461 1463 857 1534 videndum
910 1481 1136 1553 ergo,
1206 1461 1565 1553 quomodo
1616 1483 1759 1529 non
1820 1460 2093 1531 evitem.
2193 1459 2276 1528 ld
2318 1485 2483 1530 vero
2532 1473 2677 1533 tum

462 1577 648 1637 recte
676 1566 1011 1658 potuisset
1041 1565 1302 1654 dicere,
1357 1566 1413 1632 si
1450 1565 1519 1631 in
1552 1564 1776 1632 animo
1795 1562 2093 1632 ‘haberet
2140 1566 2557 1657 respondere
2588 1568 2680 1637 ad

467 1696 581 1750 ea,
634 1693 809 1760 quae
837 1669 1368 1760 interrogaverat
1403 1666 1750 1759 Oedipus,
1807 1667 1929 1735 etsi
1953 1667 2251 1752 videret,
2303 1692 2442 1739 nou
2468 1694 2679 1764 posse

463 1777 655 1843 illum
695 1795 831 1841 non
862 1771 1043 1840 laedi
1066 1795 1149 1839 ea
1184 1794 1278 1840 re.
1383 1771 1560 1839 Vide
1589 1793 1764 1861 quae
1792 1771 1977 1838 initio
2013 1793 2163 1862 cap.
2194 1771 2311 1841 xl.
2343 1777 2680 1846 attulimus

467 1879 584 1948 Sic
610 1874 1139 1946 HerodotusVI.
1176 1870 1298 1943 85.
1327 1901 1400 1946 τι
1390 1868 1793 1967 ’βούλεσθε
1821 1873 2120 1960 ποιέειν,
2172 1871 2428 1972 ἄνδρες
2459 1883 2681 1998 Αἰγι-

469 1982 729 2077 νῆται,·
766 2005 900 2052 τον
909 1978 1244 2100 βασιλέα
1291 1977 1438 2050 τῶν
1465 1977 1996 2074 Σπαρτιητέων
2029 1977 2327 2096 ἔκδοτον
2369 1975 2682 2104 γενόμε-

468 2112 599 2159 νον
645 2076 793 2156 ὑπο
833 2080 997 2154 τοῖν
1021 2081 1416 2179 πολιητέων
1459 2078 1708 2174 ἆγεινς
1772 2082 1836 2152 εἱ
1877 2078 2005 2151 νῦν
2049 2076 2232 2176 ὀργῇ
2282 2108 2684 2211 χρεωμενοι

468 2188 795 2279 ἔγνωσαν
819 2181 1012 2257 οὕτω
1014 2183 1542 2309 Σπαρτιῆται,
1599 2180 1774 2263 ὅκως
1818 2186 1892 2265 ἐξ
1918 2179 2219 2304 υστέρης
2247 2210 2351 2280 μη
2378 2212 2454 2258 τι
2486 2195 2684 2280 υμῖν,

472 2290 561 2387 ἢν
606 2288 846 2362 ταῦτα
884 2280 1296 2383 πρήσσητε,
1361 2279 1839 2383 πανώλεθρον
1886 2311 2107 2359 κακον
2146 2291 2216 2367 ἐς
2259 2313 2397 2382 την
2440 2284 2685 2386 χώραν

473 2385 864 2487 ἐμβαλωσι.
969 2391 1149 2459 Nam
1192 2389 1364 2459 haec
1409 2412 1686 2481 quoque
1721 2400 1856 2458 ιἰοιι
1888 2397 2026 2456 tam
2060 2390 2428 2480 monentiS‚
2481 2418 2689 2485 quam

472 2494 826 2565 metuentis
854 2501 1022 2563 sunt.
1125 2494 1285 2563 Non
1316 2494 1609 2586 pertinet
1650 2493 1788 2562 huc
1822 2490 2045 2561 illud
2026 2514 2095 2561 ιιι
2128 2492 2474 2589 Antigona
2509 2495 2685 2569 215.

683 2646 772 2731 οἷς
800 2647 891 2721 ἄν
923 2646 1178 2721 σκοποὶ
1206 2646 1336 2720 νῦν
1366 2643 1495 2745 ἦτε
1527 2645 1676 2720 τοῖν
1707 2647 2123 2745 εἰρημένων.

479 2804 657 2872 Nam
700 2802 755 2871 si
792 2803 1076 2887 iuberet,
1128 2801 1405 2887 diceret,
1456 2797 1647 2883 ὅπως
1675 2802 1933 2876 ἔσεσθε
1965 2799 2259 2875 σκοποίε
2308 2827 2520 2894 quum
2550 2808 2694 2879 vel-

478 2908 574 2975 let
603 2906 854 2991 dicere,
907 2930 995 2986 ως
1036 2904 1127 2978 ἄν
1156 2905 1411 2978 σκοποι
1444 2901 1574 3029 ἦτε
1601 2933 1749 2978 των
1781 2905 2192 3025 εἰρημένων,
2246 2908 2366 2980 καὶ
2400 2935 2505 3006 μη
2543 2914 2695 2984 ἐπι-

482 3009 760 3133 χωρῆτε
789 3013 943 3088 τοῖς
981 3002 1415 3083 α’πιστοῦσιν
1458 3001 1665 3095 τάδε,
1721 3009 1876 3080 ἴστε
1914 3033 2050 3079 τον
2080 3004 2522 3105 παραβαντα
2554 3022 2694 3087 θα-

485 3105 840 3203 νούμενον
852 3165 881 3200 ,
935 3111 1510 3205 interrumpuntur
1549 3109 1726 3181 haec
1771 3108 1961 3179 chori
2006 3109 2231 3200 dictis,
2295 3121 2365 3183 et
2404 3116 2696 3208 proinde

483 3216 674 3282 aliter
693 3214 1151 3295 conformatur
1174 3216 1431 3307 reliqua
1449 3238 1609 3308 pars
1632 3214 1965 3286 orationis.
1981 3213 2057 3305 *)
2124 3217 2411 3307 Neque
2391 3241 2460 3290 m
2484 3221 2693 3291 Herc.

483 3318 532 3386 f.
566 3315 787 3386 14⁰1.
818 3317 1006 3408 quod
1034 3318 1304 3411 legitur,
1353 3319 1443 3387 ad
1466 3319 1603 3389 hoc
1630 3341 1848 3414 genus
1870 3319 2180 3410 pertinet,

692 3468 970 3543 παίδων
998 3471 1371 3576 στερηθείς
1388 3528 1416 3562 ,
1469 3467 1679 3546 παῖδ’
1708 3471 1896 3554 ὅπως
1925 3473 2061 3564 ἔχω
2092 3467 2167 3546 σ’
2209 3464 2410 3564 ἐμόν.

488 3623 622 3692 Vbi
649 3624 705 3691 si
745 3628 869 3707 ἔξω
904 3625 1230 3716 scriptum
1267 3633 1462 3706 esset,
1516 3628 1728 3696 verba
1751 3627 1935 3695 hunc
1967 3648 2232 3695 sensum
2255 3624 2700 3718 praeberent:

490 3726 741 3796 liberis
768 3726 1094 3816 orbatus,
1148 3730 1506 3822 quomodo
1537 3739 1610 3800 te
1637 3729 2026 3800 habiturus
2047 3728 2475 3824 simfiliam,
2512 3730 2701 3803 vide.

491 3830 636 3899 Sed
670 3833 765 3898 ita
791 3832 845 3898 si
868 3831 1257 3920 loqueretur
1297 3834 1629 3903 Hercules
1659 3886 1681 3925 ‚
1733 3833 2204 3902 adhortaretur
2240 3856 2422 3924 sese,
2477 3842 2553 3900 ut
2583 3834 2704 3902 filii

490 3935 647 4002 loco
684 3933 1032 4003 Theseum
1072 3935 1390 4005 haberet:
1446 3937 1633 4028 quod
1675 3938 1911 4006 melius
1952 3935 2373 4021 conveniret,
2416 3936 2474 4003 si
2514 3960 2595 4004 ea
2626 3960 2703 4005 re

492 4037 770 4105 Theseo
818 4037 1045 4129 potius
1065 4089 1086 4126 ‚
1136 4063 1342 4131 quam
1382 4041 1512 4134 ipsi
1557 4042 2031 4110 consuleretur.
2135 4041 2335 4107 Nunc
2374 4062 2540 4108 vero
2589 4049 2707 4110 aut

491 4141 885 4210 indicativus
925 4152 1028 4212 est
1075 4142 1209 4234 ἔχω
1223 4197 1253 4233 ,
1303 4141 1441 4212 hoc
1476 4168 1712 4214 sensut
1766 4143 2013 4214 liberie
2049 4141 2356 4219 orbatus
2394 4152 2468 4214 te
2506 4153 2705 4214 tam-

666 4459 730 4541 *)
768 4463 921 4526 Vide
951 4463 1231 4526 adnotata
1258 4464 1323 4524 in
1346 4462 1441 4525 ed.
1465 4464 1645 4526 tertia
1671 4461 2024 4544 Antigonae.
