3284 5159
633 432 761 493 ιω
1296 424 1413 485 DE
1482 425 2023 488 PARTICVLA
2070 421 2161 490 ἂν

635 616 727 688 Si
754 616 1081 710 perdere
1133 635 1396 684 navem
1444 614 1793 684 voluerit.-
1845 614 2034 713 quod
2086 638 2224 684 non
2290 617 2565 708 opinor,
2633 640 2846 709 quum

636 744 771 790 nou
830 720 1170 810 impietate
1223 717 1518 808 quadam
1536 756 1583 802 ‚·
1622 718 1748 786 sed
1801 719 2196 787 necessitate
2253 720 2584 811 compulsi
2629 722 2845 790 boves
2913 740 2920 747 ·

634 831 1022 892 mactemus,
1099 819 1354 913 Scripsi
1380 820 1518 890 hoc
1543 821 1612 888 in
1646 821 1805 888 loco
1835 821 1913 893 δὲ
1942 821 2265 893 σπῶνται
2291 845 2423 912 pro
2460 820 2537 895 δ’
2576 828 2848 897 ἕσπων-

634 953 762 998 ται
785 977 806 1016 ,
869 947 1075 1015 quam
1127 922 1417 992 formam
1475 924 1584 992 vix
1632 931 1803 1015 puto
1849 922 2126 992 defendi
2177 946 2401 1017 posse.
2514 926 2850 1018 Suspecta

637 1037 738 1096 est
788 1028 987 1095 etiam
1032 1026 1443 1095 Buttmanno
1500 1025 1591 1094 ad
1644 1025 1903 1095 scholia
1944 1027 2014 1094 in
2068 1023 2467 1119 odysseam.
2520 1030 2848 1099 Pindarus

636 1131 833 1199 Nem.
873 1130 1020 1200 vn.
1046 1126 1166 1196 16.
1220 1127 1416 1220 (11.)

740 1286 811 1355 εἰ
845 1282 922 1354 δὲ
972 1275 1152 1376 τύχῃ
1204 1309 1316 1361 τις
1366 1282 1632 1375 ἔρδων,
1685 1280 2074 1379 μελίφρον’
2128 1283 2373 1356 αἰτίαν

740 1389 985 1482 ῥοαῖσι
1035 1384 1342 1457 Μοισᾶν
1395 1388 1710 1478 ἐνέβαλε.

640 1535 732 1607 ΒΞ
774 1536 891 1606 cm·
933 1537 1408 1607 successerit.-
1458 1560 1594 1606 non
1641 1539 1821 1607 enim
1868 1538 2066 1608 facile
2102 1549 2219 1610 est.
2320 1537 2585 1606 Eadem
2625 1540 2849 1607 simili·

638 1652 745 1709 ter
776 1662 1093 1732 expressa
1128 1641 1447 1708 sententia
1477 1650 1691 1709 exstat
1715 1642 1835 1709 IX.
1871 1641 2045 1712 110.
2096 1640 2290 1732 (46.)
2344 1650 2412 1709 et
2456 1643 2586 1710 alia
2624 1643 2850 1710 similis

640 1745 965 1813 sententia
1013 1741 1246 1816 Isthm.
1296 1742 1379 1811 V.
1456 1742 1574 1812 16.
1616 1745 1810 1834 (IV.
1894 1743 2063 1835 14.)
2132 1744 2514 1836 Sophocles
2573 1744 2851 1836 Oedipo

651 1848 851 1940 Rege
887 1869 952 1918 v.
987 1842 1209 1919 1⁰62.
1235 1868 1320 1914 ex
1344 1869 1498 1914 mea
1527 1847 2018 1933 emendatione,

744 1989 1046 2091 θαρσει·
1101 2024 1188 2069 συ
1238 1997 1378 2089 μὲν
1426 2023 1566 2092 γαρ
1623 1994 1786 2071 οὐδ’
1845 2026 1936 2070 αν
1981 2001 2052 2071 εί
2097 1997 2348 2122 τρίτης
2399 1994 2535 2092 ἐγω

739 2094 1017 2196 μητρός
1069 2099 1279 2194 φανῶ
1330 2100 1744 2197 τρίδουλος,
1797 2105 2091 2195 ἐκφανεῖ
2137 2093 2338 2196 κακή.

650 2248 763 2320 Ne
795 2249 862 2319 εἰ
899 2250 1192 2343 quidem
1238 2261 1353 2321 ter
1389 2274 1645 2321 servus
1694 2275 1850 2323 esse
1885 2252 2264 2346 reperiar.-
2320 2251 2631 2344 opinatur
2672 2251 2851 2319 enim

639 2355 734 2422 ita
773 2376 920 2423 esse
957 2352 1284 2445 Oedipus,
1387 2355 1805 2447 Improbavit
1834 2354 2012 2437 hanc
2047 2355 2636 2424 emendationem·
2616 2378 2683 2421 m
2710 2378 2849 2446 po-

643 2465 890 2525 strema
920 2456 1027 2524 ed.
1061 2457 1219 2523 Elm
1223 2458 1441 2543 sleius‚
1493 2480 1632 2525 non
1655 2467 1945 2550 propter
1977 2462 2046 2531 εἰ
2071 2482 2225 2526 cum
2252 2459 2691 2544 coniunctim,
2728 2456 2852 2526 sed

639 2569 928 2651 propter
947 2587 1038 2630 αν
1056 2582 1211 2626 cum
1235 2559 1464 2628 futuro
1482 2561 1930 2635 coniunctum.
1964 2562 2122 2629 Non
2146 2561 2437 2645 fecisset,
2468 2562 2851 2680 sireputas-

644 2672 766 2751 set,
799 2688 890 2733 αν
902 2661 1137 2729 referri
1158 2662 1247 2729 ad
1266 2664 1660 2754 optativum,
1697 2666 1811 2754 qui
1831 2687 2234 2756 suppressus
2263 2672 2383 2731 est.
2437 2664 2643 2731 Plene
2670 2664 2853 2731 enim

642 2765 864 2853 dicas,
917 2759 1047 2836 οὐκ
1090 2769 1388 2857 ἐκφανεῖ
1424 2759 1641 2864 κακή,
1698 2763 1861 2840 οὐδ’
1901 2766 1992 2840 ἄν
2044 2763 2481 2862 (ἐκφανείης)
2536 2768 2607 2837 εἰ
2639 2763 2853 2859 φανῶ

642 2866 1034 2963 ρτίδουλος
1139 2866 1484 2959 Compara
1523 2871 1750 2938 locum
1800 2868 2121 2960 Xenoph.
2188 2868 2352 2959 cyr.
2415 2867 2534 2938 111.
2597 2866 2668 2957 3,
2725 2866 2849 2937 5⁰.

641 2991 1079 3145 guessggpm
1110 2972 1464 3043 attulimus.
1532 2973 1751 3040 Recte
1779 2972 2027 3065 legitur
2051 2970 2237 3063 apud
2267 2969 2667 3063 Euripidem
2690 2970 2849 3064 Iph.

741 3223 1019 3316 βλέψον
1059 3250 1237 3345 προς
1287 3223 1508 3322 ἧμας,
1565 3224 1774 3318 ὄμμα
1829 3222 1986 3314 δός,
2020 3219 2323 3322 φίλημά
2372 3251 2495 3311 τε,

743 3331 812 3399 ἵν
901 3319 1086 3399 ἄλλα
1136 3327 1360 3401 τοῦτο
1405 3324 1858 3401 κατθανοῦσ’
1911 3329 2044 3419 ἔχω
2100 3331 2315 3401 σέθεν

739 3434 1132 3526 μνημεῖον,
1187 3433 1257 3503 εἰ
1299 3457 1402 3526 μη
1456 3437 1607 3513 τοῖς
1660 3435 1857 3523 ἐμοῖς
1906 3431 2209 3526 πεισθῇς
2259 3423 2515 3523 λόγοις.

640 3577 733 3649 Si
766 3579 949 3649 m’hz'l
978 3578 1325 3675 precibus
1361 3581 1542 3650 meis
1571 3582 1882 3651 moveris
1897 3607 1921 3651 .·
1966 3559 2156 3673 quod
2190 3604 2323 3649 non
2349 3579 2592 3649 videris
2621 3580 2851 3676 factu-

639 3705 772 3754 rus,
874 3683 968 3751 Et
998 3684 1070 3750 in
1101 3682 1411 3774 Cyclope
1437 3682 1609 3754 577.

747 3815 874 3891 οὐκ
929 3810 1505 3921 ἄνιφιλήσαιμζ
1562 3822 1632 3891 εἰ
1673 3813 2001 3914 1Χάριτες
2050 3816 2358 3913 πειρῶσί
2400 3846 2516 3909 με.

639 3953 730 4024 Sa·
755 3956 869 4022 vel
902 3954 1222 4024 Gratiae
1247 3977 1360 4023 me
1393 3955 1863 4024 tentaverint.-
1915 3976 2165 4047 nempe
2189 3976 2327 4022 non
2341 3962 2497 4021 sunt
2524 3953 2848 4021 facturae.

638 4055 1125 4147 Aristophanes
1152 4057 1284 4147 Eq.
1314 4056 1485 4126 698.

739 4194 911 4264 ΚΛ
970 4191 1180 4266 οὔτοι
1186 4221 1342 4317 ι..μοι
1363 4222 1529 4317 ,την
1582 4187 1954 4290 Δήμητρά
2003 4189 2077 4286 γ’
2079 4243 2100 4282 ,
2161 4195 2232 4265 εἰ
2273 4186 2382 4288 μή
2433 4187 2509 4263 σ’
2560 4183 2849 4286 ἐκφάγω

738 4298 813 4367 ἐκ
864 4294 1071 4392 τῆςδε
1122 4294 1248 4417 τῆς
1300 4297 1465 4420 γῆς,
1522 4292 1869 4369 οὐδέποτε
1917 4288 2326 4388 βιώσομαι.

736 4393 913 4469 ΑΛ
970 4424 1034 4468 ει
1083 4423 1186 4495 μη
1235 4391 1570 4496 ’κφαγῃςς
