3284 5159
632 414 795 483 152·
1313 412 1430 474 DE
1486 407 2030 475 PARTIGVLA
2072 405 2166 476 av

640 610 710 674 et
732 599 904 672 332.

1060 761 1148 811 συ
1203 737 1288 812 δέ
1331 764 1428 830 με
1487 743 1766 834 προΐεις
1816 736 1936 810 καὶ
1987 728 2258 810 πότνια
2310 730 2554 861 μητηρ

745 844 815 922 ές
852 836 1116 937 πατέρ
1141 834 1572 914 Αυτόλυκον
1594 834 1921 965 μητρός
1916 839 2165 935 φίλον,
2221 835 2367 936 ὄφρ
2436 837 2528 911 ἄν
2559 834 2855 933 ἑλοίμην

750 942 985 1040 δώρα,
1044 934 1144 1014 τοὶ
1174 941 1390 1039 δεῦρο
1430 947 1676 1036 μολων
1713 969 1848 1037 μοι
1877 941 2228 1033 ὑπέσχετο
2261 939 2379 1015 καί
2414 942 2853 1015 κατένευσεν.

644 1078 1034 1149 Herodotus
1067 1072 1332 1152 1152.
1389 1078 1432 1151 5
1470 1079 1548 1154 δὲ
1587 1074 2011 1177 πορφύρεόν
2040 1106 2124 1152 τε
2165 1076 2336 1169 εἷμα
2368 1071 2856 1174 περιβαλόμε-
2963 1073 2967 1077 ’

646 1208 802 1269 νος,
861 1209 952 1263 ως
991 1181 1083 1254 ἄν
1126 1175 1682 1273 πυνθανόμενοι
1732 1187 2060 1256 πλεῖστοι
2113 1181 2536 1254 συνέλθοιεν
2587 1185 2857 1276 Σπαρ-

646 1285 1007 1409 τιητέων,
1041 1283 1160 1356 και
1213 1278 1618 1376 καταστάς,
1674 1284 1865 1377 ἔλεγε
1917 1277 2191 1372 πολλα,
2245 1284 2632 1405 τιμωρέειν
2684 1287 2856 1354 ἑαυ-

648 1392 844 1462 τοῖσι
873 1380 1163 1485 χρῄζων.
1268 1388 1351 1459 V.
1396 1385 1516 1458 37.
1557 1386 1679 1460 καὶ
1711 1386 1968 1484 πρώτα
2010 1386 2147 1479 μὲν
2200 1378 2382 1481 λόγῳ
2434 1411 2672 1478 μετεις
2721 1411 2858 1508 την

649 1488 1074 1585 τυραννίδα,
1127 1483 1501 1615 ἰσονομίην
1542 1488 1778 1566 ἐποίεε
1828 1489 1923 1586 τῇ
1973 1481 2318 1585 Μιλήτῳ,
2372 1484 2462 1569 ώς
2512 1514 2603 1560 αν
2656 1482 2860 1560 ἑκόν-

576 1627 581 1631 ·
651 1618 770 1672 τες
819 1588 1025 1687 αυτῷ
1087 1598 1160 1666 οι
1208 1586 1571 1716 Μιλήσιοι
1623 1589 2220 1665 συναπισταίατο.
2336 1590 2457 1657 ΙΧ.
2520 1588 2640 1658 22.
2689 1617 2859 1681 μα-

653 1687 918 1776 θόντες
954 1695 1032 1768 δὲ
1081 1689 1177 1768 τό
1216 1688 1545 1789 γεγονός,
1601 1687 2277 1785 διακελευσάμενοι,
2333 1693 2638 1766 ἔλαυνον
2688 1718 2862 1779 τους

578 1890 584 1894 ¹
653 1801 912 1878 ἵππους
959 1789 1259 1885 πάντες,
1330 1795 1420 1878 ώς
1470 1825 1562 1871 αν
1607 1791 1743 1871 τόν
1794 1824 1876 1891 γε
1919 1787 2171 1920 νεκρόν
2223 1791 2628 1868 ἀνελοίατο.
2733 1794 2856 1866 lx.

652 1897 778 1969 51.
828 1898 1389 1991 μετακινέεσθαί
1451 1927 1536 1974 τε
1603 1892 1842 1973 ἐδόκεε
1905 1892 2084 1970 τότε
2149 1891 2368 1971 ε’πεαν
2417 1898 2546 1992 τῆς
2607 1889 2862 1977 νυκτός

651 1996 701 2102 ᾖ
742 2003 1040 2100 δευτέρη
1087 1995 1395 2100 φυλακή,
1448 2028 1537 2082 ως
1586 2000 1678 2074 ἂν
1728 2028 1832 2126 μη
1886 1999 2169 2073 ἰδοίατο
2223 2005 2296 2073 οἱ
2338 2002 2625 2096 Πέρσαι
2661 2004 2860 2092 ἐξορ-

649 2105 1104 2197 μεωμένους,
1180 2104 1305 2178 καί
1331 2131 1575 2228 ι..σφεας
1625 2098 1973 2196 ἑπόμενοι
2022 2097 2463 2199 ταράσσοιεν
2517 2107 2590 2174 οἱ
2641 2094 2870 2175 ἱππό-.

602 2258 607 2263 -
653 2233 805 2280 ται.
904 2207 956 2278 1.
1008 2208 1131 2282 75.
1182 2207 1487 2305 ποιῆσαι
1540 2208 1616 2283 δὲ
1671 2204 1849 2280 ώδε
1922 2204 2209 2278 ἄνωθεν
2254 2203 2393 2277 τοῦ
2445 2204 2861 2302 στρατοπέ-

660 2304 793 2383 δου
859 2304 1312 2406 οἷρξαμενον,
1397 2306 1714 2432 διώρυχα
1781 2310 2063 2431 βαθέην
2127 2300 2504 2404 ὀρύσσειν,
2585 2332 2864 2428 αγοντα

656 2415 1088 2535 μηνοειδέα,
1160 2411 1335 2493 ὅκως
1392 2441 1484 2487 αν
1539 2406 1633 2486 τό
1684 2404 2181 2534 στρατόπεδον
2231 2411 2650 2533 ἱδρυμένον
2671 2402 2864 2481 κατοῖ

658 2508 895 2588 νώτου
960 2509 1177 2608 λα’βοι
1237 2509 1471 2614 ταύτῃ
1521 2542 1712 2587 κατα
1776 2506 1913 2611 τήν
1965 2506 2279 2608 διώρυχα
2331 2505 2864 2635 ἐκτραπόμενος

658 2620 734 2689 ἐκ
785 2617 932 2690 τών
986 2613 1307 2714 α’ρχαίων
1360 2618 1729 2747 ρεέθρων,
1798 2615 1919 2687 καὶ
1970 2641 2179 2695 αυτις
2228 2607 2864 2711 παραμειβόμενος

658 2711 756 2793 vo*
807 2715 1304 2817 στρατόπεδον
1356 2727 1426 2800 ἐς
1472 2715 1571 2793 τοῖ
1621 2716 1894 2815 ἀρχαῖα
1943 2711 2294 2809 ἐςβαλλοι.
2396 2718 2451 2790 l.
2491 2716 2616 2791 91.
2670 2741 2861 2812 προ-

657 2827 1128 2913 θυμεομένου
1174 2823 1251 2896 δὲ
1292 2823 1432 2899 τοῦ
1471 2821 1749 2905 Λοξίεω
1795 2818 1970 2900 ὅκως
2020 2845 2112 2891 αν
2154 2847 2342 2893 κατα
2385 2847 2557 2900 τους
2602 2823 2863 2899 παῖδας

658 2951 846 3045 τους
872 2927 1204 3016 Κροίσου
1244 2928 1531 3045 γένόιτο
1581 2917 1674 2998 w*
1711 2924 2058 3019 Σαρδέων
2093 2916 2355 3006 παθος,
2409 2921 2526 2996 καὶ
2556 2917 2666 3020 μή
2694 2949 2834 2994 κατ

657 3020 887 3099 αὐτόν
919 3031 1272 3123 Κροῖσον,
1327 3056 1456 3101 ουκ
1509 3027 1671 3101 οἶόν
1721 3054 1805 3100 τε
1841 3026 2126 3118 ἐγένετο
2170 3030 2615 3148 παραγαγεῖν
2646 3023 2862 3097 Μοί-.-

659 3154 808 3223 ρας.
910 3130 962 3198 1.
1018 3130 1190 3198 110.
1243 3124 1512 3204 κελεύει
1566 3155 1645 3204 σε
1694 3120 2096 3223 Ἀστυαγης
2145 3122 2260 3201 τό·
2287 3127 2584 3201 παιδίον
2633 3127 2861 3200 τοῦτο

657 3226 987 3326 λαβόντα
1038 3239 1288 3306 θεῖναι
1337 3238 1404 3314 ἐς
1454 3227 1549 3305 τό
1598 3225 2058 3329 ἐρημότατον
2107 3231 2254 3303 τών
2309 3227 2621 3326 ου’ρέων,
2690 3227 2905 3310 ὅκως.

659 3361 752 3406 αν
814 3362 1127 3425 ταχιστα
1189 3334 1665 3465 διαφθαρείη
1771 3334 1858 3406 11.
1933 3331 2106 3407 126.
2188 3361 2335 3405 και
2366 3359 2500 3405 του
2555 3327 2864 3413 ἑςιόντος

656 3430 836 3531 πρός
890 3431 1119 3533 αυτῆν
1173 3434 1479 3537 εκοίστου
1532 3424 1872 3525 δέεσθαι,
1955 3433 2129 3515 ὅκως
2182 3464 2273 3507 αν
2326 3431 2516 3531 αυτῇ
2568 3464 2693 3509 ενα
2745 3434 2862 3507 λί-

655 3548 804 3611 θον
854 3544 932 3613 ἐν
983 3546 1174 3612 τοῖσι
1229 3544 1503 3637 ε’ργοισι
1555 3539 1944 3663 δωρέοιτο.
2027 3539 2146 3606 1Π.
2204 3537 2327 3606 44.
2398 3531 2865 3632 Πολυκρατης

656 3641 736 3715 δέ
786 3644 1077 3735 πέμψας
1118 3670 1315 3735 παρα
1371 3635 1784 3736 Καμβυσεα
1852 3634 1985 3713 τόν
2048 3634 2347 3737 Κυρου,
2429 3642 2863 3734 συλλέγοντα

656 3739 973 3839 στρατόν
1013 3740 1128 3817 ἐπ’
1180 3749 1596 3839 Αἴγυπτον,
1651 3737 1991 3840 ε’δεήθη”’
1946 3770 2120 3822 οκως
2162 3741 2254 3815 ἂν
2285 3741 2403 3815 καί
2443 3739 2623 3838 παρ’
2675 3749 2860 3815 εωυ-

654 3840 789 3918 τόν
838 3849 1130 3941 πέμψας
1184 3852 1250 3926 ἐς
1301 3842 1565 3939 Σαμον
1620 3848 1861 3918 δέοιτο
1918 3846 2259 3942 στρατοῦ.
2339 3847 2425 3919 V.
2475 3845 2601 3918 98.
2656 3842 2744 3925 ώς
2786 3845 2863 3918 δὲ

657 3944 745 4020 οὐ
795 3946 1224 4042 κατέλαβον,
1279 3951 1797 4046 ἐπηγγέλλοντο
1847 3951 1919 4027 ’ἐς
1954 3943 2091 4041 τήν
2135 3949 2330 4023 Χίον
2376 3954 2573 4021 τοῖσι
2626 3946 2860 4020 Παίο-

659 4077 772 4134 σι,
825 4044 1001 4131 ὅκως
1052 4050 1144 4124 ἂν
1197 4047 1423 4124 ὀπίσω
1467 4047 1894 4123 ἀπέλθοιεν.
2000 4050 2179 4118 11111.
2246 4050 2365 4119 13.
2419 4050 2745 4124 ἐποιέετο
2784 4050 2896 4122 δὲ.

654 4152 803 4224 παν
863 4146 1009 4225 υπό
1057 4155 1288 4239 θεοῦ,
1369 4149 1545 4233 ὅκως
1595 4180 1689 4224 αν
1742 4151 2113 4250 ἐξισωθείη
2172 4152 2278 4246 τῷ
2331 4151 2723 4248 Ἑλληνικῷ
2771 4144 2863 4224 τό

658 4249 1044 4353 Περσικόν,
1097 4257 1282 4353 μηδὲ
1315 4255 1554 4350 πολλῷ
1587 4254 1806 4328 πλέον
1848 4257 1978 4348 εἴη.
2050 4255 2375 4325 Pindarus
2409 4255 2532 4328 ΟΙ.
2554 4255 2704 4328 1111.
2740 4252 2859 4323 71

989 4386 1165 4467 τότε
1215 4391 1334 4466 καὶ
1384 4387 1933 4487 φαυσίμβροτος
1973 4390 2157 4464 δαί-
