3284 5159
601 434 690 500 32
775 426 778 430 ’
1272 429 1387 493 DE
1456 428 2001 495 Ριιιιιονιι
2043 424 2137 496 ἂν

605 652 764 699 caus
815 650 1012 697 usum
1067 624 1344 695 Pindari
1380 624 1566 723 ἐρέει
1619 628 2001 718 requirere,
2047 626 2140 701 ἄν
2187 625 2549 697 delendum
2596 628 2826 719 putat(

603 734 696 802 At
723 726 858 800 hoc
891 732 1002 800 vix
1032 729 1411 798 addiderint
1443 730 1729 815 librarii,
1782 748 1952 826 quos
1998 731 2377 800 credibilius
2423 740 2524 799 est
2552 732 2672 811 ’τίς
2703 733 2813 799 in-

603 837 904 905 seruisse.
1006 835 1203 903 Patet
1235 855 1400 901 vero
1415 880 1436 917 ‚
1489 833 1581 906 ἄν
1617 856 1755 902 ιιοιι
1780 834 1871 901 ad
1898 836 2213 921 verbum,
2266 836 2389 903 sed
2418 834 2509 902 ad
2533 834 2812 926 partici-

602 941 793 1031 pium
822 938 1254 1007 referendum
1285 959 1454 1004 esse.
1557 936 1702 1004 Sed
1738 936 1924 1027 quod
1962 938 2149 1030 apud
2190 927 2506 1007 eumdem
2533 946 2815 1028 poetam

600 1041 831 1111 Isthm.
864 1042 947 1110 V.
992 1039 1113 1110 54.
1163 1039 1554 1108 Boeckhius
1602 1041 1803 1111 scribi
1840 1039 2019 1125 vult,
2072 1036 2440 1137 εἰρήσεταί
2473 1034 2577 1135 πᾴ
2618 1045 2691 1112 κ’
2735 1046 2812 1116 ἐν

601 1143 1051 1240 βραχίστοις,
1102 1153 1179 1212 ut
1208 1137 1280 1216 κ’
1315 1147 1392 1215 ἑν
1426 1142 1506 1210 sit
1529 1164 1657 1233 pro
1690 1171 1767 1216 κε
1800 1148 1904 1232 ἐν,
1956 1144 2030 1212 id
2061 1147 2173 1212 vel
2196 1154 2483 1237 propter
2511 1144 2813 1213 colloca-

599 1249 852 1322 tionem
897 1248 1171 1316 istarum
1216 1246 1728 1368 particularum„
1736 1246 1985 1317 Graeci
2023 1249 2344 1316 sermonis
2387 1248 2557 1315 ratio
2597 1270 2811 1339 repu-

602 1351 762 1418 diat.
815 1349 1260 1441 Thucydides
1294 1348 1379 1417 11.
1424 1346 1548 1416 80.
1586 1349 1728 1422 τοῦ
1755 1346 1831 1424 δ’
1865 1352 2104 1425 αὐτοῦ
2134 1354 2435 1442 θέρους,
2490 1377 2578 1423 ου
2623 1356 2813 1423 πολ-

602 1452 705 1548 λῷ
731 1450 1036 1549 ὕστερον
1067 1444 1382 1529 τούτων,
1429 1446 1997 1549 Ἀμπρακιῶται
2037 1453 2157 1525 καὶ
2184 1447 2497 1542 Χαονες,
2548 1447 2813 1545 βουλό-

600 1582 818 1650 μενοι
858 1551 1352 1648 Ἀκαρνανίαν
1403 1581 1645 1628 πασαν
1699 1558 2363 1653 καταστρέψασθαι
2404 1557 2524 1628 καὶ
2563 1552 2813 1679 Ἀθη-

600 1658 826 1732 ναίων
854 1655 1296 1752 ἀποστῆσαι,
1347 1657 1693 1731 πείθουσι
1710 1658 2338 1752 Λακεδαιμονίους
2358 1652 2699 1732 ναυτικόν
2726 1686 2812 1732 τε

600 1755 1305 1881 παρασκευάσασθαι
1350 1765 1424 1834 ἐκ
1459 1760 1586 1858 τῆς
1650 1761 2132 1855 ξυμμαχίδος,
2185 1761 2305 1833 καὶ
2357 1760 2653 1840 ὁπλίτας
2688 1789 2812 1850 χι-

597 1864 795 1945 λιόυς
830 1866 1121 1956 πέμψαι
1172 1867 1240 1943 ἐς
1281 1858 1822 1953 Axapvam'av,
1887 1868 2210 1957 λέγοντες
2251 1861 2429 1988 3²⁶²..
2464 1863 2553 1958 ἢν
2598 1863 2813 1937 ναυσὶ

596 1995 720 2039 και
751 1966 935 2060 πεζῷ
975 1994 1134 2057 αμα
1168 1992 1360 2087 ,capra
1390 1966 1589 2059 σφῶν
1622 1968 1918 2056 ἔλθωσι,
1973 1961 2351 2039 οἷδυνοίτων
2384 1965 2614 2041 ὄντων
2643 1976 2812 2057 ξυμ-

580 2076 906 2166 ’βοηθεῖν
971 2069 1118 2142 ταῖν
1183 2061 1333 2140 οἷπο
1387 2061 1752 2166 θαλάσσης
1808 2063 2317 2163 Ἀκαρνάνων,
2401 2069 2659 2166 ρᾳδιως
2716 2096 2810 2143 αν
2895 2159 2908 2168 .

600 2168 1096 2300 Axapvam'av
1141 2195 1434 2260 σχοντες
1479 2198 1597 2243 και
1635 2172 1763 2267 τῆς
1811 2170 2205 2244 Ζακύνθου
2251 2171 2370 2243 καὶ
2413 2176 2811 2291 Κεφαλλη-

600 2273 759 2355 νίας
797 2267 1280 2370 κρατήσουσι,
1330 2271 1449 2345 καὶ
1481 2270 1523 2345 ὁ
1566 2274 1952 2368 περίπλους
1997 2270 2244 2347 ουκέτι
2286 2275 2530 2347 ἔσοιτο
2562 2269 2810 2373 Αθη-

602 2376 833 2455 ναίοις
885 2373 1138 2467 ομοῖος
1181 2373 1346 2469 περὶ
1403 2371 1985 2497 Πελοπόννησον.
2087 2377 2404 2445 Nonnulli
2459 2377 2662 2445 codd.
2718 2377 2811 2449 ἄν

599 2481 943 2561 omittunt3
995 2480 1104 2545 alii
1136 2478 1391 2546 habent
1430 2471 1857 2573 κρατήσωσι.
1962 2480 2146 2548 Nihil
2177 2503 2339 2548 vero
2382 2480 2521 2549 vitii
2550 2481 2621 2548 iu
2655 2481 2811 2547 vul-

598 2593 778 2675 gata.
881 2583 1150 2672 Nempe
1184 2582 1240 2650 si
1276 2582 1634 2672 separatim
1679 2582 1942 2673 singula
1968 2585 2303 2674 posuisset
2341 2583 2809 2674 Thucydides»,

599 2688 693 2754 ita
732 2685 1134 2776 scripsisset:
1189 2682 1311 2756 ὅτι
1361 2681 1619 2778 ῥᾳδίως
1661 2683 1752 2755 ἄν
1797 2682 2287 2780 Ἀκαρνανίαν
2340 2692 2622 2776 σχοῖεν,
2688 2687 2811 2759 καὶ

599 2788 728 2883 τῆς
758 2785 1147 2860 Ζακύνθου
1174 2785 1292 2859 καὶ
1321 2785 1827 2882 Κεφαλληνίας
1861 2781 2366 2883 κρατήσουσιν.
2443 2788 2553 2857 Eo
2583 2789 2810 2857 differt

600 2892 795 2960 huius
821 2891 956 2958 loci
983 2889 1303 2958 sententia
1329 2890 1416 2957 ab
1449 2890 1640 2957 simili
1668 2889 1779 2959 vl.
1825 2888 1945 2958 33.
1978 2886 2393 2982 ἡγούμενοι,
2450 2894 2522 2965 εἰ
2535 2888 2807 2990 ταύτην

600 2999 865 3083 σχοῖεν,
920 2992 1177 3089 ρᾳὸίως
1216 2990 1333 3065 καὶ
1371 2990 1601 3064 τᾶλλα
1649 2997 1851 3073 ἕξειν.
1955 2992 2284 3062 Isocrates
2324 2995 2414 3061 ad
2452 2995 2805 3066 Demonic.

599 3093 674 3191 §.
709 3094 829 3164 25.
861 3118 932 3187 p.
960 3094 1031 3163 8.
1057 3097 1281 3187 Lang.
1313 3095 1556 3185 vulgo.
1610 3092 1802 3167 οὕτω
1832 3092 1903 3169 δ’
1940 3094 2033 3167 οἷν
2071 3094 2340 3191 ἄριστα
2374 3123 2624 3220 χρησει
2656 3103 2807 3177 τοῖς

603 3197 860 3318 φίλοις,
913 3190 1042 3272 έαν
1079 3225 1182 3294 μη
1218 3198 1600 3293 περιμείνῃς
1622 3224 1752 3277 τας
1776 3194 1960 3293 παρ’
1989 3199 2270 3271 ἐκείνων
2299 3194 2591 3297 δεήσεις,
2643 3195 2804 3272 ἀλλ’

602 3294 1037 3392 αυτοίγγελος
1094 3295 1340 3379 αυτοῖς
1394 3304 1471 3372 ἐν
1531 3305 1683 3378 τοῖς
1724 3306 2003 3392 καιροῖς
2053 3303 2351 3398 βοηθῇς.
2455 3303 2650 3388 Iure,
2728 3313 2805 3371 ut

593 3402 761 3472 mihi
800 3402 1064 3470 videtur
1080 3452 1100 3488 ,
1149 3402 1329 3470 hanc
1376 3401 1774 3521 scripturam
1817 3404 2068 3494 probat
2107 3405 2474 3476 WerferuS.
2581 3405 2803 3474 codd.

574 3496 875 3597 'quidam
919 3506 1227 3572 omittunt
1253 3503 1345 3576 ἄν
1356 3533 1385 3596 ,-
1434 3505 1576 3589 alii,
1626 3505 1696 3571 in
1730 3505 1945 3595 iisque
1974 3505 2261 3576 Vrbinas
2276 3561 2297 3596 ‚
2343 3510 2543 3575 etiam
2586 3531 2803 3600 copu-

596 3611 778 3699 lam,
835 3604 1059 3687 οὔτως
1105 3606 1370 3702 ἄριστα
1421 3607 1828 3681 exhibentes.
1934 3608 2119 3693 Quid
2167 3612 2250 3678 sit
2288 3612 2455 3678 illud
2503 3608 2693 3683 οὕτω
2731 3606 2804 3685 δ’

598 3711 733 3802 ἄν,
783 3710 1148 3803 intelliga8‚
1199 3710 1318 3778 ubi
1358 3710 1563 3800 plene
1610 3709 2140 3796 dixeris‚oi1‘rm
2174 3709 2243 3786 δ’
2285 3740 2377 3785 αν
2413 3740 2802 3810 χρωμενος,

532 3891 538 3906 ,
597 3812 868 3910 ἄριστα
915 3811 1188 3932 χρήσει.
1285 3812 1651 3880 Aeschines
1690 3813 1778 3880 de
1822 3813 1990 3881 falsa
2035 3815 2170 3906 leg.
2225 3810 2295 3909 §.
2348 3815 2466 3883 11.
2514 3839 2584 3907 p.
2629 3814 2803 3884 196.

594 3916 832 3985 Reisk.
872 3913 1059 3988 οὕτω
1092 3941 1231 4011 γαρ
1275 3915 1367 3987 ἄν
1390 3908 1711 4007 μα’λιστα
1736 3909 2209 4011 μεμνήσομαι
2234 3945 2352 3988 και
2397 3912 2803 4011 δυνήσομαι

596 4020 850 4107 εἰπεῖν,
905 4019 1025 4088 καί
1058 4016 1260 4110 υμεῑς
1288 4010 1745 4112 μαθήσεσθε.
1824 4018 2035 4102 Quod
2062 4020 2223 4108 quid
2252 4020 2433 4087 aliud
2459 4030 2560 4088 est
2601 4044 2804 4111 quam

596 4118 787 4192 οὕτω
823 4147 960 4216 γαρ
991 4148 1081 4191 αν
1116 4146 1384 4192 ποιων.
1369 4116 1408 4166 7
1435 4119 1578 4188 Sed
1602 4119 1715 4187 hic
1742 4143 2016 4210 quoque
2048 4122 2247 4189 codd.
2276 4124 2571 4191 nonnulli
2602 4126 2804 4191 omit-

593 4231 745 4290 tunt
775 4249 885 4293 αν.
993 4222 1247 4291 Contra
1295 4223 1479 4313 apud
1510 4223 1788 4289 Lucian.
1833 4223 2005 4290 Dial.
2048 4234 2243 4292 mort.
2284 4226 2468 4297 XIII.
2506 4223 2577 4293 6.
2623 4226 2710 4293 Τ.
2745 4226 2801 4292 Ι.

592 4348 666 4417 p.
697 4323 868 4393 394.
902 4332 969 4392 et
1015 4324 1102 4393 de
1136 4326 1420 4396 calumn.
1452 4348 1590 4393 non
1619 4334 1875 4393 temere
1904 4326 2093 4395 cred.
2127 4325 2196 4397 6.
2228 4327 2314 4396 Τ.
2345 4327 2464 4395 111.
2509 4351 2579 4419 p.
2628 4327 2798 4398 133.

588 4428 661 4497 in
688 4427 823 4499 hac
847 4428 1183 4497 locutione
1206 4449 1336 4521 pro
1369 4427 1596 4498 futuro
1628 4428 1998 4520 optativum
2025 4431 2483 4522 praebuerunt
2508 4430 2797 4500 codices.
