3284 5159
532 429 620 494 76
1215 427 1330 489 DE
1402 425 1962 491 PARTICVLA
2006 423 2097 492 ἄν
2197 496 2203 504 ,

903 917 1407 987 LIBER
1506 862 2384 992 SECVNDVS.

1639 1107 1693 1176 l.

640 1262 812 1333 De
911 1260 1356 1331 modis
1458 1255 1867 1331 verbi
1972 1255 2657 1354 obliquis.

529 1400 952 1505 Dicendum
993 1454 1171 1500 nunc
1217 1439 1321 1501 est
1362 1430 1451 1500 de
1495 1432 1713 1500 modis
1741 1431 1929 1500 verbi
1962 1431 2281 1521 obliquis,
2334 1433 2486 1500 coni
2494 1432 2760 1500 unctivo

532 1548 739 1629 atque
784 1537 1118 1629 optativo,
1186 1535 1274 1603 de
1322 1558 1612 1625 quorum
1659 1535 2154 1603 consociatione
2205 1557 2361 1603 cum
2411 1535 2759 1626 particulis

534 1641 628 1714 ἄν
657 1650 726 1710 et
757 1639 877 1713 κὲν
909 1640 1038 1707 alia
1075 1638 1334 1706 ratione
1384 1637 1856 1731 explicandum
1905 1638 2062 1723 erit,
2117 1661 2321 1727 quam
2364 1660 2498 1727 qua
2545 1639 2615 1705 in
2652 1639 2760 1705 in-

534 1744 828 1812 dicativo
869 1744 966 1811 uti
1011 1740 1275 1808 licebat.
1379 1741 1728 1810 Indicativi
1773 1741 1950 1809 enim
1983 1750 2220 1808 natura
2253 1750 2321 1808 et
2350 1741 2521 1808 ratio
2551 1763 2761 1831 quum

533 1848 842 1916 omnibns
887 1852 1125 1937 aperta
1162 1844 1282 1928 sit,
1336 1845 1588 1932 statim,
1641 1836 1815 1934 quae
1845 1845 1942 1911 vis
1983 1852 2160 1912 esset
2188 1842 2390 1918 huius
2421 1845 2648 1925 modi,
2704 1844 2762 1911 si

533 1951 943 2018 adderentur
980 1946 1350 2038 particulae
1384 1949 1548 2016 istae
1563 1998 1583 2035 ,
1636 1945 1900 2018 ostendi
1930 1948 2154 2036 potuit
2169 1996 2189 2031 ‚
2243 1946 2492 2015 deinde
2534 1956 2761 2015 autem

533 2053 623 2122 de
649 2054 726 2122 iis
757 2050 1202 2119 locutionibus
1224 2050 1378 2142 dici,
1430 2051 1499 2119 in
1533 2050 1779 2140 quibus
1807 2048 2053 2117 omissa
2078 2048 2292 2117 videri
2328 2060 2561 2141 posset
2593 2072 2759 2142 par-

423 2237 427 2242 ·
528 2157 758 2228 ticula.
867 2152 1287 2234 Coniunctivi
1344 2176 1509 2222 vero
1566 2157 1772 2242 atq'ue
1832 2153 2112 2243 optativi
2178 2160 2417 2219 natura
2476 2176 2611 2222 non
2667 2154 2761 2220 ita

531 2260 841 2327 omnibus
900 2264 1061 2323 nota
1107 2264 1312 2345 atque
1357 2265 1724 2348 perspecta
1760 2264 1894 2343 est,
1948 2265 2023 2323 ut
2062 2255 2137 2322 hi
2176 2254 2363 2322 modi
2405 2255 2569 2344 quid
2616 2256 2759 2323 sine

529 2361 873 2454 particulis
920 2359 1058 2427 istis
1116 2358 1496 2450 significent
1549 2359 1917 2450 praeterire
1930 2408 1951 2445 ‚
2022 2381 2102 2426 ac
2150 2357 2368 2441 statim
2418 2358 2508 2426 de
2567 2358 2759 2446 adie-

533 2467 753 2533 ctione
800 2484 1030 2531 earum
1079 2459 1169 2528 ad
1217 2484 1333 2530 eos
1378 2459 1620 2530 modos
1666 2462 1893 2529 dicere
1935 2462 2302 2553 possimuS‚
2286 2486 2303 2503 ·
2355 2460 2564 2529 immo
2604 2471 2758 2552 ante

531 2567 758 2637 omnia
786 2563 1153 2633 videndum
1186 2565 1355 2652 erit,
1399 2587 1604 2655 quam
1646 2563 1774 2655 ipsi
1799 2587 1941 2655 per
1976 2588 2048 2632 se
2075 2565 2212 2631 vim
2237 2563 2563 2650 habeant,
2619 2587 2759 2654 quo

533 2670 820 2752 deinde,
875 2667 1041 2757 quid
1091 2666 1182 2735 ad
1230 2690 1413 2738 eam.
1424 2667 1711 2737 adiectio
1749 2668 2017 2798 illarum
2043 2657 2540 2758 particularum
2588 2690 2758 2750 con-

530 2775 745 2857 ferat,
794 2770 1079 2863 intelligi
1108 2771 1338 2864 possit.

724 2822 1142 2966 9Repetenda
1204 2875 1316 2943 hic
1379 2875 1620 2967 paucis
1676 2875 2008 2967 simulque
2057 2874 2518 2943 confirmanda
2583 2882 2755 2959 sunt,

533 3001 710 3069 quae
741 2978 898 3046 alibi
947 2979 1334 3069 explicatius
1380 2978 1733 3070 disputavi.
1838 2979 1932 3046 Vt
1970 2977 2362 3046 indicativus
2408 2978 2758 3045 veritatem
2875 3026 2880 3031 -

531 3081 729 3167 facti,
795 3082 888 3147 ita
934 3083 1387 3150 coniunctivus
1434 3090 1638 3171 atque
1687 3082 2021 3172 optativus
2071 3104 2191 3167 ea,
2256 3102 2432 3170 quae
2474 3088 2796 3171 possunt*

529 3182 712 3269 fieri,
775 3182 1186 3274 significant:
1251 3186 1343 3251 ita
1387 3193 1647 3270 tamen,
1701 3192 1775 3250 ut
1821 3184 2277 3251 coniunctivus
2326 3183 2441 3251 illa
2483 3183 2762 3264 indicet,

420 3288 428 3295 ’
535 3308 712 3376 quae
742 3294 1032 3376 propter
1064 3287 1398 3376 aliquam
1381 3308 1679 3377 ipsarum
1702 3309 1949 3372 rerum,
1990 3287 2078 3354 de
2099 3287 2349 3376 quibus
2380 3308 2601 3355 sermo
2634 3295 2755 3372 est,

535 3388 993 3456 conditionem
1036 3390 1375 3457 eveniant:
1443 3389 1620 3457 unde
1651 3397 1829 3457 totus
1876 3389 1966 3456 ad
2015 3391 2495 3481 experientiam
2536 3389 2757 3457 refer-
2845 3401 2850 3405 ’

531 3499 645 3558 ιιιι·
708 3513 792 3557 ex
847 3508 1063 3578 eaque
1113 3492 1405 3583 pendet;
1472 3492 1839 3585 optativus
1857 3488 2081 3561 autem
2132 3515 2309 3582 quae
2370 3491 2758 3585 cogitabilia

531 3600 686 3661 sunt
738 3592 1107 3684 significet.
1160 3616 1297 3683 quo
1323 3594 1438 3679 fit,
1490 3605 1566 3662 ut
1596 3596 1800 3661 etiam
1837 3619 1920 3664 ea
1951 3594 2522 3688 comprehendat,
2578 3618 2757 3685 quae

530 3695 681 3763 fieri
719 3704 1080 3784 nequeunt.
1186 3698 1485 3785 Vterque
1533 3686 1777 3766 modus
1793 3744 1813 3782 ‚
1866 3698 1920 3766 si
1964 3722 2113 3767 rem
2155 3699 2446 3767 severius
2495 3721 2755 3790 expen-

532 3797 786 3875 dimuS,
841 3820 980 3864 non
1009 3807 1237 3889 potest
1271 3822 1399 3890 per
1436 3821 1508 3867 se
1548 3801 1728 3868 solus
1762 3809 1982 3890 stare,
2035 3801 2158 3869 sed
2191 3800 2451 3893 pendet
2495 3823 2585 3868 ex
2624 3800 2756 3867 alia

528 3908 726 3992 parte
757 3901 1093 3973 orationis.
1198 3901 1376 3968 Nam
1405 3902 1709 3969 subtilior
1751 3925 1953 3991 quam
1992 3904 2216 3972 verior
2260 3913 2361 3972 est
2410 3902 2757 3995 Apollonii

531 4002 893 4092 disputatio
919 4003 1036 4076 lib.
1062 4001 1186 4076 111.
1221 4003 1309 4071 de
1334 4006 1591 4093 syntaxi
1619 4028 1680 4078 c.
1712 4003 1832 4076 28.
1860 4005 2293 4102 indicativum
2320 4016 2525 4095 atque
2551 4014 2755 4098 opta·

527 4105 741 4172 tivum
769 4106 864 4172 ita
894 4097 1109 4174 dictos
1143 4106 1509 4174 censentis
1489 4159 1510 4194 ,
1546 4106 1750 4195 quod
1780 4109 1905 4176 soli
1932 4131 2059 4199 per
2090 4131 2187 4194 se,
2238 4111 2408 4177 alter
2451 4133 2597 4177 esse
2626 4109 2747 4176 ali-

529 4206 740 4295 quid,
815 4208 984 4275 alter
1043 4210 1265 4299 optari
1309 4208 1722 4300 significent,
1778 4212 2273 4279 coniunctivum
2317 4221 2544 4280 autem
2595 4209 2754 4279 inde

530 4331 779 4377 nomen
822 4308 1115 4393 habere,
1168 4309 1391 4400 quod,
1445 4334 1655 4399 quum
1696 4335 1825 4403 per
1855 4336 1931 4381 se
1963 4314 2127 4382 nihil
2164 4314 2534 4406 significet,
2583 4337 2753 4407 par-

529 4411 733 4481 ticula
787 4411 1086 4508 indigeat
1101 4460 1123 4497 ,
1171 4417 1333 4481 'cum
1380 4436 1516 4503 qua
1563 4415 2009 4508 coniungatur
2046 4440 2130 4486 ex
2168 4440 2386 4508 eaque
2429 4417 2751 4511 pendeat.
