3284 5159
1093 395 1257 460 LIB.
1308 395 1415 459 m.
1504 396 1698 462 cAP.
1734 402 1798 463 8.
2483 403 2611 467 1oe

391 585 625 686 &⁷⁰-

496 744 687 815 ἔνθα
734 765 813 812 ιιε
865 741 1026 836 ῥεῖα
1078 737 1293 833 φέροι
1340 732 1567 812 κλυτα
1615 737 1877 830 τεύχεα
1931 744 2370 815 Πανθοΐδαο

493 840 915 940 Ἀτρείδης,
970 843 1041 913 εἰ
1082 839 1191 934 μή
1242 846 1316 913 οἱ
1360 835 1732 935 ἁγασσατο
1790 845 2059 937 Φοῖβος
2107 826 2511 919 Ἀπόλλων]

389 994 568 1065 398.

817 1142 992 1224 ούδέ
1037 1143 1109 1220 κ’
1149 1145 1386 1271 ‘Aeno’
1431 1145 1818 1239 λαοσσόος,
1872 1145 2049 1224 ούδέ
2090 1145 2169 1223 κ’
2218 1142 2502 1273 Ἀθήνη

498 1245 634 1326 τόν
663 1278 745 1347 γε
781 1247 1019 1325 ι’δοῦσ’
1051 1245 1411 1338 ὀνόσαιτ’,
1465 1247 1625 1326 οὐδ’
1661 1254 1731 1325 εἰ
1754 1245 1956 1346 μα’λα
1989 1279 2121 1346 μιν
2154 1245 2427 1343 χόλος“’
2389 1280 2551 1326 ικοι

390 1404 787 1474 Herodotus
837 1405 988 1478 vll.
1039 1402 1214 1477 18⁰.
1266 1404 1387 1476 καὶ
1431 1404 1683 1478 ἔπειτα
1734 1405 1881 1478 τῶν
1932 1405 2333 1498 ἐπιβατέων
2341 1400 2607 1525 ⁴”vttidie

390 1501 532 1580 τόν
573 1501 1130 1581 καλλιστεύοντα
1175 1500 1567 1599 ἀγαγόντες
1613 1507 1730 1581 ἐπι
1751 1500 1903 1627 τήν
1942 1502 2237 1603 πρῴρην
2277 1506 2403 1599 τῆς
2442 1500 2607 1601 νηός

342 1692 349 1703 ,
393 1612 763 1701 ἔσφαξαν,
818 1612 1177 1692 διαδέξιον
1215 1603 1641 1698 ποιεύμενοι
1679 1603 1811 1682 τόν
1840 1608 2034 1683 εἶλον
2072 1610 2219 1682 τοῖν
2244 1602 2606 1731 Ελλήνων

391 1712 692 1808 πρῶτον
727 1738 843 1783 και
877 1706 1281 1785 κάλλιστον.
1327 1712 1434 1806 τῷ
1461 1711 1538 1784 δὲ
1570 1714 2105 1806 σφαγιασθέντι
2143 1703 2381 1833 τούτῳ
2425 1708 2605 1783 ὄνο-

391 1841 506 1906 μα
537 1809 625 1909 ἦν
657 1815 903 1886 Λέων·
949 1807 1137 1904 τάχα
1161 1809 1229 1887 δ’
1260 1811 1353 1887 ἄν
1379 1842 1457 1887 τι
1489 1813 1608 1886 καὶ
1638 1817 1776 1886 τού
1803 1807 2165 1903 ὀνόματος
2184 1805 2603 1935 ἐπαύροιτο.

392 1916 546 1986 Vll.
590 1915 759 1984 214.
816 1915 1032 2038 ειδείη
1059 1915 1196 2009 μὲν
1223 1940 1362 2012 γαρ
1402 1914 1494 1989 ἂν
1525 1917 1645 1988 ιιαι
1681 1909 1817 1990 ἔων
1840 1942 1943 2010 μη
1977 1909 2303 2036 Μηλιεύς
2329 1907 2604 2036 ταύτην

394 2012 535 2114 τήν
576 2012 919 2139 οἷτραπον
948 2012 1280 2115 Ὀνήτης,
1335 2020 1404 2092 ει’
1426 2018 1533 2115 τῇ
1575 2046 1769 2140 χωρη
1813 2011 2046 2092 πολλοῖ
2089 2010 2449 2114 ωμιληκως
2475 2018 2603 2115 εἴη.

392 2114 919 2194 1Χ.τ1.α’λλοῖ
957 2120 1194 2193 ταῦτα
1226 2119 1364 2214 μὲν
1411 2121 1531 2193 καὶ
1578 2092 1838 2216 φθόνῳ
1874 2149 1966 2192 αν
2007 2121 2301 2193 εἴποιεν.
2406 2119 2603 2188 Haec

395 2225 622 2294 omnia
654 2224 854 2292 etiam
886 2223 974 2293 de
1015 2246 1094 2292 re
1124 2231 1482 2314 praesente
1518 2224 1630 2291 vel
1662 2224 1889 2291 futura
1923 2222 2055 2291 dici
2084 2223 2496 2314 potuissent,
2549 2223 2605 2291 si

393 2351 506 2397 res
537 2327 930 2419 postularet.
1035 2324 1396 2395 Caeterum
1422 2325 1915 2414 animadverte,
1966 2347 2096 2418 pro
2144 2326 2298 2394 solis
2323 2325 2453 2393 illis
2485 2323 2611 2398 καί
2687 2382 2702 2395 .

395 2424 486 2503 νύ
513 2457 636 2504 κεν
685 2424 847 2503 ἔνθ’
890 2420 1242 2502 ἀπόλοιτο
1285 2439 1353 2497 et
1382 2429 1567 2503 ἔνθα
1610 2456 1689 2501 ne
1721 2434 1878 2528 ρεῖα
1909 2434 2123 2526 φέροι
2163 2431 2363 2497 etiam
2400 2422 2611 2500 ‹ind-

396 2537 565 2606 λετο
597 2529 719 2621 ἅν,
771 2524 1027 2629 ἔφερεν
1063 2528 1156 2605 ἅν
1181 2530 1317 2599 dici
1337 2532 1663 2625 potuisse,
1716 2531 1873 2622 quia
1906 2532 2164 2623 opponi
2188 2538 2414 2625 potest
2445 2525 2609 2602 ἀλλ’

398 2632 532 2708 ούκ
576 2628 957 2724 οἷπωλετο,
1026 2630 1187 2707 ἀλλ’
1233 2632 1361 2709 ούιι
1414 2636 1651 2731 ἔφερε.
1759 2635 1903 2704 Sed
1950 2634 2205 2703 dictum
2252 2636 2396 2703 sine
2438 2633 2611 2702 illius

396 2737 837 2829 oppositionis
875 2737 1301 2830 cogitatione,
1353 2738 1726 2859 optativum
1761 2738 2171 2831 postulabat,
2222 2746 2298 2806 ut
2322 2744 2609 2823 caetera,

396 2841 466 2909 in
493 2840 735 2931 quibus
764 2862 899 2907 non
924 2849 1150 2933 potest
1177 2842 1433 2932 opponi
1461 2842 1882 2910 contrarium.

611 2942 867 3013 Contra
909 2942 998 3011 de
1058 2965 1136 3011 re
1178 2945 1540 3036 praeterita
1583 2967 1758 3034 quae
1803 2944 1914 3013 vel
1959 2942 2329 3012 diuturnior
2369 2943 2450 3011 sit
2501 2942 2614 3010 vel

400 3044 670 3138 saepius
705 3046 1016 3138 repetita,
1055 3047 1422 3138 praesentis
1455 3048 1825 3139 optativum
1872 3046 2102 3139 posuit
2125 3045 2515 3115 Herodotus
2555 3045 2610 3112 1.

401 3148 473 3225 2.
510 3149 629 3217 ubi
669 3171 879 3238 quum
911 3149 1150 3219 Persas
1188 3172 1458 3219 narrare
1496 3149 1798 3236 dixisset,
1847 3150 2199 3242 Europam
2245 3171 2288 3216 a
2330 3147 2614 3217 Graecis

400 3251 828 3342 quibusdam,
881 3274 1169 3341 quorum
1193 3254 1323 3344 ipsi
1350 3252 1582 3321 sedem
1609 3253 1930 3337 nesciant,
1972 3261 2237 3345 raptam
2264 3274 2433 3339 esse,
2486 3249 2616 3319 ad-
2663 3313 2676 3327 ,

401 3355 532 3424 dit:
570 3356 832 3452 εἴησαν
862 3349 938 3427 δ’
971 3353 1064 3427 ἂν
1103 3352 1315 3430 οὗτοι
1351 3356 1661 3451 Κρῆτες.
1692 3354 1989 3449 suerint
2026 3354 2152 3425 isti
2210 3354 2613 3427 Cretenses,

402 3457 550 3528 Sed
580 3457 822 3526 eadem
850 3456 1142 3526 formuia
1179 3459 1384 3527 utitur
1408 3457 1499 3527 de
1536 3482 1613 3528 re
1653 3467 2010 3589 praesente
2040 3458 2126 3528 11.
2170 3455 2241 3526 6.
2282 3457 2398 3527 IV.
2438 3453 2613 3525 195.

401 3560 600 3629 Idem
637 3560 786 3629 Vll.
816 3557 988 3629 184.
1041 3556 1174 3659 ἤδη
1215 3587 1313 3633 ων
1351 3556 1683 3656 ἄνδρες
1631 3590 1724 3635 αν
1768 3558 1913 3635 εἶεν
1951 3566 2029 3636 ἕν
2059 3556 2350 3634 αύτοῖσι
2378 3560 2618 3633 τέσσε-

294 3740 307 3747 ,
405 3689 523 3761 ρες
569 3656 917 3757 μυριαδες
978 3661 1098 3735 καὶ
1159 3664 1405 3736 εἴκοσι.
1522 3663 1721 3750 Quae
1779 3665 2111 3757 scriptura
2164 3671 2349 3731 recte
2416 3671 2519 3730 est
2579 3685 2622 3729 a

405 3763 1060 3858 Schweighaeuser-o
1090 3766 1396 3858 praelata
1435 3765 1564 3854 illi,
1619 3790 1824 3857 quam
1870 3767 2139 3836 Reizius
2174 3773 2243 3834 et
2283 3763 2613 3834 Schaefe-

405 3892 523 3938 rus
551 3891 636 3937 ex
658 3867 892 3960 paucis
928 3868 1130 3937 codd.
1158 3879 1582 3961 receperunt,
1627 3867 1765 3967 ἤδη
1798 3897 1896 3943 ων
1924 3896 2017 3942 αν
2042 3864 2149 3966 ἦν.
2251 3869 2411 3937 Νοιι
2443 3866 2621 3936 enim

404 3980 637 4065 potest
660 3971 917 4064 opponi
937 3966 1100 4043 αλλ’
1128 3966 1258 4044 ούιι
1287 3966 1397 4067 ἦν.
1495 3972 1682 4059 Quin
1705 3980 1932 4066 potest
1960 3973 2160 4041 etiam
2196 3978 2272 4038 ut
2297 3970 2388 4039 de
2413 3994 2621 4064 prae-

406 4082 598 4144 sente
639 4072 821 4142 dicta
870 4074 1090 4166 accipi
1145 4073 1318 4142 haec
1360 4077 1702 4145 sententia.
1807 4075 2001 4145 Idem
2038 4067 2498 4164 1.7o.rofxa
2544 4073 2625 4147 δὲ

407 4176 502 4251 ἂν
554 4202 678 4248 οιαι
725 4202 823 4249 οι
840 4169 1289 4270 ἀποδόμενοι
1327 4178 1601 4271 λέγοιεν
1646 4172 2079 4270 ἀπικόμενοι
2120 4181 2188 4257 ἐς
2236 4169 2620 4274 Σπάρτην,

408 4305 501 4360 ως
527 4275 1093 4377 ἀναιρεθείησσν
1130 4272 1277 4351 ύπο
1305 4279 1633 4374 Σαμίων.
1737 4281 2135 4374 Intelligitur
2161 4279 2343 4349 enim
2370 4279 2443 4347 id
2468 4302 2622 4347 sae-

405 4383 558 4474 pius
605 4382 698 4450 ab
746 4381 873 4450 illis
915 4405 1093 4451 esse·
1112 4381 1502 4452 dictitatum.
1606 4383 1701 4451 Et
1748 4382 2149 4455 V111.136.
2202 4374 2392 4471 τοίχα
2425 4376 2494 4453 δ’
2532 4379 2623 4453 ἄν
