3284 5159
628 431 757 494 no
1312 425 1431 487 m:
1494 421 2036 493 PAnTlcVLA
2079 419 2172 495 ἄν

629 640 768 688 non
810 620 903 686 ita
937 618 1254 707 loquutos
1297 614 1615 708 putabat,
1681 574 2042 684 Simonidis
2083 614 2196 682 vel
2238 612 2408 685 alins
2446 614 2643 708 lyrici
2692 640 2839 686 esse

626 722 1106 815 suspicabatur.
1208 717 1570 812 Euripides
1600 717 1755 808 lph.
1784 719 1873 790 T.
1910 716 2128 786 1024.

743 877 902 948 ΟΡ.
954 871 1032 947 τί
1058 868 1135 945 δ’
1168 874 1242 945 εἴ
1254 899 1352 964 με
1377 871 1533 965 ναῷ
1562 871 1748 964 τῷδε
1774 863 2119 966 κρύψειας
2149 861 2435 966 λάθρᾳς

734 980 872 1051 ΙΦ.
951 1002 1042 1055 ως
1077 968 1164 1072 δη
1194 967 1449 1054 σκότος
1479 967 1826 1066 λαβόντες
1855 977 2295 1065 ἐκσωθεῖμεν
2325 970 2459 1044 ἄν’
2431 1029 2458 1065 ,

626 1128 1118 1203 Demosthenes
1149 1152 1219 1219 p.
1265 1124 1390 1213 66,
1440 1124 1561 1192 12.
1613 1120 1861 1200 ἔπειθ’
1888 1122 2090 1217 ὑμεῖς
2128 1131 2202 1198 οἱ
2241 1120 2689 1222 καθήμενοι,
2750 1122 2841 1206 οἷς

627 1236 765 1328 μὲν
783 1261 873 1304 αν
892 1234 1167 1304 εἴποιτε
1181 1227 1496 1308 δικαίους
1512 1220 1764 1319 λόγους
1777 1255 1893 1299 και
1879 1226 2240 1322 λέγοντος
2254 1227 2472 1302 ἄλλου
2473 1227 2838 1351 συνείητε,

632 1336 934 1429 ἄμεινον
981 1331 1348 1407 Φιλίππου
1399 1325 1978 1426 παρεσκεύασθε·
2040 1358 2131 1411 ως
2181 1332 2259 1404 δὲ
2304 1324 2698 1404 κωλύσαιτ’
2746 1329 2839 1403 ἄν

633 1444 901 1514 ἐκεῖνον
927 1428 1282 1527 πράττειν
1311 1433 1550 1506 ταῦτα
1579 1437 1671 1527 ἐφ
1736 1460 1834 1505 ων
1865 1431 2015 1512 ἐστι
2039 1461 2185 1510 νυν,
2218 1432 2581 1512 παντελως
2605 1428 2841 1530 α’ργως

631 1543 850 1631 ἔχετε.
954 1537 1186 1606 Variat
1215 1536 1308 1605 ibi
1352 1537 1718 1626 scriptura,
1769 1535 1910 1603 aliis
1942 1536 2127 1604 libris
2160 1538 2401 1634 εἴπητε
2440 1543 2510 1603 et
2550 1536 2842 1631 συνίητε

629 1645 741 1713 vel
801 1639 1121 1721 συνίοιτε
1182 1638 1664 1713 exhibentibus.
1767 1639 1981 1706 Nimis
2040 1639 2334 1706 breviter
2395 1637 2839 1708 Schaeferus·
2818 1688 2838 1706 .

630 1744 1034 1835 ,,συνείητε,
1087 1751 1164 1810 ut
1205 1742 1599 1835 oportebat,
1650 1741 2028 1810 Bekkerus.
2046 1745 2089 1782 ‘⁶
2190 1740 2353 1834 Ego
2396 1740 2671 1831 quidem
2718 1763 2840 1808 cur

629 1851 700 1917 in
740 1849 968 1942 priore
1000 1845 1311 1914 membro
1349 1844 1664 1912 orationis
1708 1845 1988 1937 optativi
2010 1844 2216 1936 positi
2255 1845 2383 1913 sint
2398 1894 2418 1929 ,
2469 1844 2687 1912 fateor
2725 1865 2838 1912 me

629 1973 765 2020 non
815 1949 1227 2042 perspicere.
1328 1947 1408 2015 In
1451 1947 1662 2015 altero
1703 1956 1927 2016 antem
1959 1948 2280 2016 membro
2325 1954 2395 2016 et
2434 1970 2541 2015 res
2573 1948 2726 2040 ipsa
2770 1954 2841 2015 et

631 2052 984 2123 collocatio
1015 2050 1385 2143 particulae
1422 2051 1799 2142 optativum
1826 2058 2074 2123 tuetur.
2175 2049 2367 2119 Male
2403 2051 2663 2118 veroin
2701 2049 2837 2118 So-

627 2156 894 2249 phoclis
929 2155 1312 2246 fragmento
1343 2152 1532 2246 apud
1552 2153 1924 2223 Stobaenm
1953 2154 2171 2223 Serm.
2201 2153 2349 2223 XL.
2383 2151 2453 2221 3.
2479 2152 2768 2245 legitur:

832 2301 939 2404 μή
970 2333 1105 2398 μοι
1133 2310 1488 2426 κρυφαῖον
1512 2303 1740 2403 μηδὲν
1770 2303 2105 2402 ἐξείπῃς
2063 2329 2265 2388 επος·

833 2414 1173 2530 κλεῖθρον
1205 2433 1344 2504 γαρ
1376 2403 1618 2493 ουὸέν
1674 2435 1763 2489 ως
1792 2405 1867 2481 δ’
1896 2436 1987 2481 αν
2017 2404 2303 2488 ευπετὲς
2328 2400 2644 2502 λαβοις,

836 2503 1146 2609 γλώσσης
1175 2514 1532 2607 κρυφαῖον
1565 2506 1773 2583 ουδὲν
1802 2538 1889 2584 ου
1872 2506 2300 2607 ’διέπει-αι.

628 2665 868 2737 Scribe
908 2690 995 2783 coc
1028 2657 1103 2736 δ’
1144 2659 1238 2734 οἷν
1278 2655 1599 2754 ευστεγὲς
1642 2656 1897 2760 λάβῃς,
1952 2685 2281 2756 quamvls
2291 2661 2543 2759 facile
2591 2662 2838 2732 celata

624 2788 1019 2862 accepere&

1035 3204 1535 3279 LlnER
1636 3207 2415 3296 QVARTVS.

1701 3378 1756 3451 1.

829 3526 1000 3598 De
1100 3527 1243 3604 ἂν
1345 3552 1613 3600 cum
1713 3530 2624 3627 imperativo.

622 3667 1051 3771 Dubitatum
1089 3711 1227 3789 est,
1279 3724 1367 3769 an
1396 3702 1595 3770 etiam
1624 3702 2023 3793 imperativo
2050 3700 2237 3795 iungi
2263 3702 2481 3795 possit
2511 3699 2624 3774 ἄν.
2724 3701 2834 3769 Αο

623 3796 893 3873 fuerunt
911 3857 931 3892 ,
986 3806 1225 3895 quibus
1263 3804 1338 3872 id
1376 3826 1510 3872 non
1549 3815 1725 3874 esset
1752 3805 2139 3891 offensioni,
2190 3806 2259 3872 in
2299 3807 2513 3896 iisque
2553 3806 2702 3896 ipse
2739 3805 2829 3876 R.

621 3906 995 3995 Bentleius,
1061 3910 1169 3977 cui
1215 3906 1523 3976 modeste
1567 3908 1961 3976 contradixit
1996 3908 2383 4001 Lennepins
2427 3908 2519 3976 ad
2561 3907 2831 3976 Phalar.

622 4032 694 4101 p.
742 4007 913 4078 31⁰.
1017 4011 1160 4079 Nisi
1206 4011 1482 4104 egregie
1533 4010 1769 4098 fallor,
1819 4010 2061 4078 accidit
2104 4011 2342 4079 criticis
2382 4009 2496 4079 hic
2536 4033 2832 4101 quoque,

627 4110 815 4200 quod
844 4133 1070 4205 saepe,
1113 4122 1189 4183 ut
1213 4112 1515 4181 viderent
1546 4136 1804 4196 verum,
1855 4113 1979 4182 sed
2007 4136 2091 4181 eo
2124 4115 2220 4182 uti
2251 4114 2601 4183 nescirent.
2654 4115 2834 4182 Nam

621 4223 958 4305 repugnat
997 4239 1156 4284 sane
1175 4268 1196 4305 ,
1250 4239 1405 4284 cum
1448 4216 1846 4309 imperativo
1861 4264 1882 4297 ‚
1924 4216 2040 4306 qui
2072 4216 2313 4286 modus
2346 4217 2537 4285 verbi
2564 4218 2661 4284 ita
2704 4215 2832 4284 de-

621 4315 845 4385 finitus
879 4326 1001 4404 est,
1030 4318 1105 4387 dt
1127 4341 1269 4386 non
1296 4319 1603 4388 videatur
1629 4318 2082 4389 conditionem
2109 4342 2315 4412 posse
2339 4319 2833 4412 adsignificare,

621 4420 1021 4508 particulam
1051 4421 1562 4492 conditionalem
1590 4421 1684 4497 ἄν
1712 4422 2021 4492 construi.
2124 4422 2382 4494 Verum
2417 4432 2678 4492 temere
2724 4429 2832 4488 ta-
