3284 5159
1273 449 1446 510 [ΑΒ.
1493 448 1538 512 Ι.
1629 448 1831 510 CAP.
1873 452 1935 513 6.
2523 515 2538 524 ,
2611 453 2696 516 15

477 645 659 712 tione
688 643 742 711 is
782 640 974 711 verbi
1006 639 1269 727 modus,
1324 631 1510 707 cuius
1545 640 1765 707 vicem
1801 641 2074 709 sustinet
2115 640 2472 709 infinitivus
2488 688 2510 723 ‚
2560 640 2692 708 ad-

474 747 667 838 iungi
711 746 835 813 sibi
879 746 1281 836 particulam
1331 742 1598 835 patitur.
1707 743 1888 810 Hinc
1922 753 2147 835 patet,
2220 746 2407 838 prius
2457 744 2548 815 de
2593 745 2697 812 hu

477 851 669 919 verbi
697 848 952 935 modis,
1004 870 1211 939 quam
1237 846 1326 915 de
1356 846 1678 916 infinitivo
1709 845 2074 919 videndum
2100 871 2267 923 esse.

1532 1052 1649 1123 vl.

552 1207 692 1280 De
742 1207 849 1283 ἀν
902 1217 988 1279 et
1037 1208 1184 1282 κέν
1237 1230 1430 1277 cum
1480 1206 2020 1277 indicativo
2072 1205 2608 1277 summatim.

683 1364 817 1431 Par
857 1372 959 1431 est
1006 1370 1229 1432 autem
1245 1411 1266 1450 ‚
1319 1384 1404 1430 ex
1437 1361 1630 1431 verbi
1674 1359 1895 1430 modis
1941 1362 2234 1453 primum
2277 1380 2698 1429 commemo-

480 1467 615 1535 rari
640 1465 1093 1536 indicativum.
1156 1466 1264 1536 De
1303 1488 1421 1552 eo,
1460 1466 1746 1556 ipsaque
1770 1465 2101 1556 particula
2136 1487 2276 1532 ιιοιι
2304 1465 2457 1532 satis
2489 1486 2699 1532 accu-

480 1579 625 1637 rate
645 1578 1091 1662 praeceptum
1120 1592 1161 1637 a
1186 1568 1672 1662 grammaticis:
1706 1590 1994 1658 quorum
2021 1567 2342 1636 sententia
2367 1565 2474 1635 his
2506 1589 2699 1635 com-

480 1673 819 1765 prehensa
848 1682 950 1740 est
974 1674 1196 1741 verbis
1223 1671 1565 1763 scriptoris
1596 1672 1688 1740 de
1717 1673 1976 1761 syntaxi
2005 1672 2075 1740 in
2103 1670 2407 1739 Bekkeri
2433 1670 2695 1739 A'necd.

480 1800 551 1868 p.
582 1772 750 1844 126.
845 1773 958 1850 ’Λ
976 1799 1054 1849 ν·
1105 1774 1379 1864 τοῦτον
1420 1767 1555 1848 τόν
1590 1767 1993 1867 σύνδεσμον
2030 1779 2104 1847 οἱ
2130 1771 2445 1863 τεχνικοί
2481 1775 2698 1867 δυνη-

482 1872 690 1951 τικόν
738 1870 1384 2000 προςαγορεόουσι·
1454 1875 1792 1974 σημαίνει
1821 1870 1960 1971 γάρ
2007 1876 2311 1996 πρᾶγμα
2358 1869 2467 1971 μή
2499 1869 2700 1966 γενό-

480 2007 728 2074 μενον,
781 1972 1186 2074 δυνάμενον
1216 1980 1293 2053 δέ
1321 1980 1693 2071 γενέσθαι,
1738 1982 1810 2052 εἰ
1818 1973 1926 2075 μή
1953 2006 2030 2052 τι
2055 1971 2348 2072 συμβάν
2374 1970 2695 2056 ἐκωλυεν,

485 2082 680 2172 οἷον,
759 2084 847 2156 εἰ
887 2109 1005 2175 μη
1057 2075 1223 2180 τήν
1282 2078 1654 2177 Ἑλένην
1718 2078 2322 2204 Ἀλέξανδρος
2383 2078 2699 2201 ἥρπα-

483 2211 678 2267 σεν,
735 2181 904 2262 οὐκ
959 2184 1062 2260 ἀν
1120 2184 1456 2306 Τροία
1465 2178 1903 2259 ἀπωλετο.
1955 2177 2299 2306 ἠδύνατο.
2355 2181 2548 2282 φησί,
2591 2210 2695 2279 μη

485 2285 898 2363 ἀπολέσθαι
933 2286 1200 2383 Τροία,
1255 2290 1326 2361 εἰ
1347 2315 1451 2382 μη
1482 2287 1610 2382 τῆς
1640 2284 1992 2367 ἀπωλείας
2016 2312 2153 2383 την
2178 2284 2424 2359 αἰτίαν
2451 2288 2689 2381 παρέ-

486 2418 611 2480 σχε
656 2417 793 2487 την
822 2388 1122 2514 Ἑλένην
1161 2384 1482 2487 άρπάεας
1505 2385 1991 2487 Αλέξανδρος.
2094 2390 2190 2459 Et
2227 2390 2461 2481 paullo
2506 2400 2697 2481 post.

485 2493 559 2576 ἓξ
591 2488 723 2566 οὖν
766 2487 1244 2589 ὖπαρχόντων
1289 2492 1603 2590 χρόνων,
1672 2492 2118 2622 ἐνεστωτος,
2158 2493 2696 2588 παρατατικοῦ,
2731 2533 2737 2540 ο

484 2596 1061 2692 παρακειμένου,
1112 2595 1232 2669 καὶ
1258 2593 1893 2692 ὑπερσυντελικοῦ,
1945 2592 2332 2692 ἀορίστου,
2382 2596 2698 2689 μέλλον-

483 2724 629 2779 τος,
685 2699 1026 2772 ἐνεστῶτι
1052 2698 1172 2772 καὶ
1204 2701 1710 2794 παρακειμένῳ
1737 2698 1857 2771 καί
1886 2701 2231 2791 μέλλοντι
2262 2695 2351 2770 οὐ
2393 2691 2697 2770 συντάσ-

487 2826 740 2891 σεται,
811 2806 965 2882 τοῖς
1015 2804 1275 2895 μέντοι
1321 2800 1518 2894 τρισὶ
1558 2807 1713 2882 τοῖς
1763 2805 2042 2881 λοιποῖς
2077 2826 2277 2896 παρα
2321 2800 2503 2873 πάσι
2544 2805 2701 2884 τοῖς

488 2909 741 2997 σοφοῖς
778 2901 1207 2997 εὑρίσκεται.
1309 2904 1627 2996 Explicat
1667 2903 1843 2973 haec
1890 2903 2311 2972 doctissimus
2351 2926 2698 2995 gramma-

485 3007 695 3092 tiene,
744 3007 1146 3100 Apollonius
1178 3008 1294 3077 lib.
1329 3007 1449 3075 111.
1498 3007 1588 3076 de
1633 3007 1894 3099 syntaxi
1922 3030 2074 3131 cap.
2118 3004 2189 3075 6.
2232 3030 2304 3099 p.
2331 3005 2506 3075 2⁰4.
2543 3031 2595 3075 s.
2652 3005 2696 3080 6

489 3102 579 3203 δη
620 3107 726 3182 ἀν
778 3103 1168 3205 σύνδεσμος
1209 3102 1402 3183 αὐτό
1437 3103 1672 3202 μόνον
1726 3114 1803 3184 ἐκ
1849 3102 2228 3232 τηρήσεως
2262 3112 2547 3208 εἴρηται
2604 3137 2696 3191 ως

486 3214 1033 3308 παρῳχημένοις
1065 3205 1573 3301 συντάσσεται,
1626 3215 2060 3340 ἐξηρημένου
2090 3213 2228 3286 τοῦ
2260 3214 2694 3338 παρακειμέ·

488 3339 638 3414 νου.
669 3309 812 3437 ἐφ
839 3311 923 3435 ἧς
952 3310 1345 3399 συντάξεως
1376 3316 1446 3388 εἰ
1484 3309 1734 3411 ἔροιτό
1762 3342 1913 3397 τις,
1966 3319 2045 3390 ἐν
2072 3317 2180 3411 vesi
2217 3342 2321 3438 γρ
2343 3344 2388 3388 α
2409 3337 2537 3410 ψω
2590 3344 2638 3388 α
2658 3345 2698 3387 ν

485 3409 691 3513 παρά
721 3416 803 3490 τί
830 3409 923 3491 τό
962 3417 1455 3541 ἀκατάλληλον
1473 3420 1803 3509 ἐγένετο,
1855 3414 1984 3492 οὐκ
2015 3420 2170 3493 ἔστι
2207 3412 2439 3513 φάναι
2467 3417 2515 3515 ἢ
2544 3413 2697 3507 μό·-

487 3544 617 3591 νον
664 3523 740 3593 ἐκ
793 3520 921 3617 τῆς
968 3513 1432 3617 ἀντιλήψεως.
1486 3518 1566 3614 [ὃ
1618 3514 2112 3622 ἀκατάλληλόν
2157 3518 2411 3615 ἐστιν]
2468 3522 2699 3612 (Haec

486 3620 697 3689 verba
738 3632 854 3692 aut
890 3632 966 3691 ut
1005 3623 1385 3715 interpretis
1434 3617 1960 3693 additamentum
2004 3624 2292 3693 delenda
2330 3632 2514 3711 sunt,
2580 3637 2700 3693 aut

485 3746 649 3792 mox
671 3734 832 3817 post
855 3717 1382 3821 ἀνθυπαλλαγη
1408 3726 1812 3818 inserenda.)
1842 3726 2015 3801 οὔτε
2041 3720 2180 3824 γάρ
2211 3723 2547 3847 ἀριθμοῦ
2567 3724 2699 3799 ἀν-

488 3822 944 3947 θυπαλλαγή,
975 3827 1146 3903 οὔτε
1164 3829 1385 3902 ἀλλου
1405 3856 1570 3918 του,
1610 3832 1650 3903 ὁ
1640 3824 1974 3905 δύναται
2007 3832 2355 3922 διελέγξαι
2383 3823 2476 3903 τό
2495 3830 2695 3925 ρῆμα

485 3955 591 4026 μη
623 3926 1282 4056 συμπληθυόμενον
1323 3930 1368 4028 ἢ
1402 3927 2039 4055 συγχρονούμενον
2057 3930 2106 4029 ἢ
2143 3935 2700 4026 συνδιατιθέμε-

487 4056 640 4103 νον.
702 4059 791 4125 ην
822 4034 898 4107 δὲ
923 4027 1017 4107 τό
1059 4037 1301 4108 αἴτιον
1330 4036 1591 4108 τοῦτο·
1646 4029 1745 4117 τά
1784 4028 2138 4128 γεγονότα
2167 4036 2313 4108 τῶν
2346 4030 2700 4132 πραγμά-

485 4159 634 4206 των
670 4132 712 4204 6
755 4128 1146 4230 σύνδεσμος
1187 4133 1515 4232 ἀναιρεῖν
1563 4140 1796 4225 θέλει,
1813 4132 2345 4263 περιὶστάνων
2364 4133 2559 4210 αὐτά
2602 4166 2701 4219 εις

486 4228 582 4308 τό
615 4230 1023 4327 δύνασθαι,
1076 4241 1293 4314 ἐνθεν
1334 4265 1452 4312 και
1493 4233 1864 4361 δυνητικός
1899 4244 2197 4364 εἴρηται.
2251 4234 2345 4312 w*
2381 4242 2519 4333 μὲν
2555 4235 2698 4336 γάρ

490 4336 846 4436 ἔγραψα
889 4340 936 4438 ἢ
972 4337 1068 4415 vo*
1125 4344 1540 4438 ἔγραφον
1589 4343 1640 4439 ἢ
1690 4336 1785 4424 τό
1844 4337 2412 4439 ἐγεγράφειν
2457 4342 2503 4429 ἦ
2548 4338 2700 4416 ἀπό

485 4441 754 4535 μέρους
781 4438 1133 4537 γεγονότα
1168 4445 1406 4534 ἐστίν,
1450 4443 1499 4543 ἢ
1535 4473 1657 4520 και
1703 4447 2008 4522 ἔκπαλαι
2042 4440 2427 4540 γεγονότα·
2481 4447 2697 4520 ἐνθεν
