3284 5159
673 435 799 496 1⁴16
1072 417 1083 423 ’
1337 425 1455 487 DE
1529 422 2077 486 PARTICVLA
2120 418 2214 487 ἃν

874 615 1280 710 Saepissime
1321 635 1456 706 pro
1511 622 1740 683 rectae
1791 612 2105 682 orationis
2158 612 2578 682 coniunctivo
2618 613 2891 705 ponitur
2923 602 2930 611 ⁵

677 719 1008 815 optativus
1028 766 1050 803 ‚
1096 718 1152 787 si
1175 718 1459 786 verbiun
1499 717 1874 810 principale
1906 740 2078 805 enm!
2095 717 2375 785 modum
2404 717 2636 789 habet.
2743 718 2892 785 Nec

670 825 934 893 mirum.
1037 824 1216 891 Nam
1263 821 1383 889 nbi
1425 843 1685 889 summa
1735 822 2102 890 sententiae
2158 829 2235 888 nt
2284 821 2427 888 sola
2486 821 2893 912 cogitatione

671 923 1163 1018 comprehensa
1195 925 1581 992 enunciatur
1597 974 1617 1009 ‚
1672 924 1915 993 eadem
1951 925 2122 993 solet
2165 923 2368 992 etiam
2411 924 2706 1017 partium
2752 924 2894 992 eius

672 1028 966 1097 conditio
994 1050 1158 1096 esse.
1212 1025 1469 1118 Odyss.
1504 1055 1571 1120 y.
1607 1025 1782 1102 346.

774 1158 955 1245 Ζευς
981 1154 1116 1256 τόγ
1126 1154 1533 1258 α’λεξήσειε
1561 1161 1681 1235 καί
1711 1157 2085 1238 ἀθάνατοι
2117 1161 2283 1237 θεοί
2314 1160 2523 1235 ἄλλοι
2547 1206 2565 1243 ,

777 1264 869 1347 ὥς
903 1264 1105 1358 ὑμεῖς
1127 1292 1279 1360 παρ
1348 1270 1550 1356 ἐμεῖο
1584 1260 1775 1364 θοην
1817 1267 1934 1339 ἐπὶ
1974 1266 2109 1362 νῆα
2138 1264 2388 1339 κίοιτε.

671 1420 781 1489 De
824 1443 908 1488 ea
937 1419 1193 1488 ratione
1226 1417 1363 1486 dixi
1406 1416 1498 1486 ad
1530 1417 1862 1514 Sophocl.
1906 1420 2015 1488 Αἰ.
2048 1419 2477 1491 904.1200.
2578 1418 2693 1488 Sic
2737 1420 2896 1490 Ho-

673 1546 895 1592 merus
925 1521 1117 1591 Iliad.
1151 1549 1205 1594 ε.
1241 1519 1414 1592 212.

780 1687 844 1732 ει
834 1660 971 1731 ’.δέ
984 1685 1060 1731 κε
1093 1650 1419 1778 νοστήσω
1448 1654 1565 1728 καὶ
1598 1652 1957 1751 ἐςόψομαι
1995 1653 2500 1752 ὀφθαλμοῖσιν

777 1754 1091 1888 πατρίδ’
1108 1754 1290 1879 ἐμην
1328 1754 1594 1848 ἄλοχόν
1622 1786 1706 1832 τε
1739 1759 1859 1831 καὶ
1886 1758 2241 1882 υψερεφές
2268 1760 2456 1851 μέγα
2494 1757 2726 1854 δωμα,

778 1859 1023 1935 αὐτίκ
1048 1862 1252 1935 ἔπειτ
1315 1857 1446 1934 ἄπ’
1481 1866 1681 1954 ἐμεῖο
1711 1854 1894 1958 κοῖρῃ
1935 1855 2169 1954 τοῖμοι
2200 1853 2580 1956 α’λλότριος
2613 1857 2787 1960 φώς,

777 1993 841 2038 ει
870 1992 972 2061 μη
1007 1968 1140 2058 ἐγω
1124 1956 1343 2038 τάδε
1376 1957 1551 2046 τόξα
1588 1967 1869 2058 φαεινῷ
1902 1969 1977 2039 ἐν
2005 1964 2179 2059 πυρι
2211 1962 2442 2060 θεί.ην

591 2187 599 2196 ,
672 2117 1049 2209 Exspectes
1081 2114 1195 2183 hic
1230 2114 1456 2203 θείω,
1512 2114 1672 2205 quia
1707 2125 2063 2186 asseverat.
2166 2117 2261 2186 Et
2301 2126 2620 2209 potuerat
2655 2118 2748 2185 ita
2787 2119 2894 2186 di-

676 2243 852 2292 cere.
956 2221 1134 2286 Nam
1166 2217 1431 2286 duobus
1465 2218 1682 2286 modis
1721 2218 1858 2287 hoc
1891 2220 2184 2311 proferri
2209 2221 2492 2305 licebat,
2543 2229 2659 2289 aut
2708 2231 2896 2289 recta

673 2325 975 2395 oratione
992 2369 1012 2404 ‚
1066 2331 1140 2388 ut
1172 2331 1404 2390 votum
1440 2343 1524 2389 ex
1551 2321 1936 2391 conditione
1967 2320 2340 2414 penderet..¹
2393 2326 2454 2394 εὶ
2486 2317 2596 2421 μή
2620 2324 2696 2397 ἐν
2723 2322 2895 2421 πυρὶ

677 2425 886 2512 θείω,
941 2424 1176 2493 sinon
1215 2446 1662 2510 cremavero,
1704 2447 2011 2518 peream
2026 2452 2054 2508 ‚-
2103 2434 2219 2494 aut
2250 2427 2527 2516 obliqua
2548 2479 2569 2514 ,
2622 2435 2695 2493 ut
2726 2450 2893 2495 con-

677 2528 842 2597 ditio
877 2550 962 2596 ex
1010 2535 1172 2596 voto
1214 2536 1560 2618 tamquam
1603 2551 1765 2619 pars
1803 2529 1944 2597 eius
1987 2529 2356 2623 penderet:
2398 2552 2709 2623 peream
2754 2530 2894 2599 nisi

679 2630 1194 2717 cremaverint,
1245 2633 1289 2700 i.
1308 2655 1384 2704 e.
1423 2630 1684 2724 sisare
1695 2640 1951 2725 putem
1975 2642 2057 2702 ut
2087 2654 2232 2701 mm
2260 2631 2704 2703 comburam.
2777 2635 2892 2702 Sic

677 2734 1158 2826 Aristophanes
1189 2735 1260 2802 in
1286 2735 1466 2804 Pace
1497 2732 1646 2802 lm
1652 2734 1722 2806 2.
1794 2814 1802 2821 ‚
2019 2731 2028 2740 ’

779 2864 1025 2969 ἐξώλης
1053 2864 1351 2944 α’πόλοι’
1366 2923 1395 2960 ,
1450 2872 1522 2943 εἰ
1542 2864 1653 2968 μη“
1680 2863 1997 2944 παύσαιο
2022 2867 2349 2963 βακίζων.

676 3027 721 3099 i.
754 3048 812 3095 e.
850 3026 1268 3118 dispeream,
1321 3022 1388 3093 εἰ
1418 3031 1489 3092 te
1520 3047 1663 3093 non
1693 3024 2132 3094 destiturum
2146 3034 2417 3118 putem.
2504 3024 2679 3095 Vide
2709 3049 2894 3095 enm·

679 3129 838 3199 dem
889 3128 1024 3218 Eq.
1064 3124 1236 3223 694.
1341 3126 1597 3195 Contra
1630 3128 1701 3195 in
1743 3128 2068 3196 sententia
2109 3128 2292 3197 finali
2337 3152 2476 3198 non
2516 3129 2700 3198 licuit
2735 3154 2891 3200 con·

677 3231 1038 3337 iunctivum
1064 3251 1322 3321 ponere
1352 3229 1685 3323 Sophocli
1714 3231 1889 3299 Phil.
1922 3230 2098 3303 524.

656 3390 661 3401 '
781 3377 1032 3474 θυμόν
1059 3384 1347 3474 γένοιτο
1381 3382 1567 3480 χειρὶ
1597 3381 1971 3508 πληρωσαί
1990 3410 2215 3503 nou„

785 3480 886 3558 ἴν
914 3489 995 3555 αἱ
1019 3485 1365 3580 Μυκῆναι
1389 3492 1651 3577 γνοῖεν,
1703 3515 1746 3584 η
1780 3480 2091 3610 Σπαρτη
2128 3482 2253 3570 θ’,
2303 3481 2424 3559 ὅτι

785 3582 875 3683 χή
903 3586 1187 3683 Σκῦρος
1218 3583 1498 3683 ανδρων
1532 3585 1850 3682 α’λκίμων
1880 3583 2123 3687 μήτηρ
2160 3589 2318 3683 ἔφυ.

681 3743 861 3810 Nam
888 3740 943 3810 si
973 3748 1147 3809 esset
1178 3741 1597 3812 coniunctivo
1627 3764 1820 3825 usust,
1871 3743 1967 3816 sic
2007 3743 2430 3832 loqueretur,
2475 3750 2551 3809 ut
2594 3742 2712 3832 qni
2755 3743 2889 3811 voti

682 3867 755 3913 se
787 3852 1178 3935 compotem
1208 3845 1507 3913 futurum
1538 3869 1676 3913 non
1703 3845 2057 3914 dubitaret,
2122 3845 2393 3913 Eadem
2420 3846 2589 3913 ratio
2627 3854 2730 3914 est
2756 3845 2889 3914 ho-

680 3971 835 4015 rum
859 3969 1202 4029 versuum,
1254 3946 1394 4020 Od.
1423 3958 1477 4031 ξ.
1518 3947 1695 4017 402.

786 4078 959 4165 ξεῖν
978 4138 1006 4170 ,
1052 4078 1244 4155 οὕτω
1272 4109 1411 4207 γαρ
1439 4085 1558 4158 κέν
1584 4111 1718 4175 μοι
1753 4081 2026 4212 ἐϋκλείη
2056 4112 2102 4158 τ
2166 4075 2401 4212 α’ρετή
2429 4110 2513 4155 τε

789 4187 897 4274 εἴη
926 4189 1013 4258 ἐπ
1025 4180 1499 4282 ἀνθρώπους
1527 4215 1686 4281 αμα
1724 4184 1803 4262 τ’
1836 4183 2099 4261 αὐτίκα
2132 4215 2251 4258 και
2276 4187 2705 4278 μετέπειτα,

674 4320 679 4327 ·
780 4284 864 4368 ὅς
899 4284 972 4360 σ’
1000 4287 1151 4362 ἐπεὶ
1176 4293 1244 4370 ἐς
1268 4290 1538 4388 κλισίην
1567 4316 1839 4384 αγαγον
1869 4290 1988 4364 καί
2026 4288 2249 4373 ξείνια
2277 4288 2471 4361 δωκα
2492 4337 2515 4377 ,

791 4384 997 4472 αὖτις
1025 4390 1102 4465 δέ
1135 4391 1539 4486 κτείναιμι,
1592 4392 1805 4489 φίλον
1830 4390 1904 4468 δ’
1942 4421 2089 4468 απο
2119 4387 2369 4486 θυμον
2401 4389 2711 4492 ἑλοίμην.
