3284 5159
593 445 680 510 52
1264 443 1377 502 DE
1445 439 2000 538 PARTICVLA
2043 434 2138 504 ἂν

596 631 1047 703 conditionem
1071 607 1585 723 noo-impletam
1614 632 1972 718 contineat,
2024 630 2325 720 reliquae
2365 631 2648 699 orationi
2688 631 2818 704 ad-

593 731 927 823 nectatur,
979 745 1297 827 oportere
1332 732 1426 806 ἄν
1459 734 1679 809 adiici.
1782 735 1878 803 Vt
1907 733 2095 826 apud
2125 733 2554 802 Herodotum
2590 735 2645 808 1.
2689 733 2815 807 86.

597 839 923 925 emesae,
970 839 1422 929 interrogatus
1439 886 1460 922 ‚
1512 839 1660 928 quis
1711 838 1813 925 sit,
1866 860 2073 929 quem
2117 840 2462 964 appellet,
2526 860 2819 961 respon-

595 941 748 1014 det:
788 934 923 1015 τόν
958 970 1049 1013 αν
1089 933 1228 1033 ἐγω
1280 941 1461 1013 πᾶσι
1508 934 1939 1035 τυράννοισι
1984 939 2440 1038 προετίμησα
2482 935 2819 1034 μεγάλων

593 1038 979 1141 χρημάτων
1026 1047 1093 1125 ἐς
1133 1036 1388 1136 λόγους
1434 1042 2278 1124 ε’λθεῖν.1)ειιιοει1ι.ἱιι
2314 1043 2491 1116 Mid.
2526 1067 2599 1135 p.
2641 1038 2827 1132 536,-

596 1144 719 1221 25.
769 1146 898 1219 νῦν
927 1145 1003 1220 δὲ
1033 1145 1261 1219 τοῦτο
1293 1146 1431 1238 μὲν
1466 1141 1599 1219 οὐκ
1639 1145 2013 1240 ἐποίησεν,
2060 1152 2137 1218 ἑν
2164 1141 2222 1238 ᾧ
2250 1139 2384 1219 τόν
2417 1144 2715 1241 δῆμον’
2680 1146 2820 1219 ετί-

593 1276 821 1347 μησεν
863 1245 974 1320 ἅν.
1079 1247 1274 1315 ldem
1320 1247 1411 1316 ad
1449 1247 1726 1316 Phorm.
1770 1271 1821 1339 p
1891 1246 2066 1333 914,
2115 1217 2236 1321 19.
2284 1249 2483 1321 ἔστιν
2532 1276 2664 1322 ουν
2679 1303 2707 1338 ,
2762 1243 2822 1320 ω’

595 1352 849 1481 ἄνδρες
877 1350 1243 1428 δικασταί,
1279 1348 1492 1431 οὗτος
1520 1348 1562 1423 ὁ
1593 1348 1982 1446 ἄνθρωπος
2004 1351 2052 1446 ἤ
2091 1344 2474 1473 γενήσεταί
2495 1379 2705 1439 ποτε,
2743 1350 2822 1432 ὃς
2942 1363 2947 1367 ’

598 1451 766 1528 ἀντὶ
802 1451 1152 1543 ὃιςχιλίων
1200 1451 1584 1535 ἑξακοσίων
1633 1454 1979 1580 δραχμῶν
2023 1448 2424 1548 τριάκοντα
2466 1480 2654 1545 μνας
2702 1452 2822 1524 καὶ

593 1554 1015 1648 τριακοσίας
1055 1554 1171 1627 καὶ
1222 1548 1564 1649 ἑξήκοντα
1602 1551 1980 1627 ἀποτίνειν
2017 1551 2383 1649 προείλετ’
2427 1584 2562 1646 αν,
2622 1556 2820 1625 Idem

592 1659 662 1726 in
691 1659 745 1733 I.
778 1657 865 1726 de
892 1657 1063 1725 falso
1097 1666 1248 1731 test.
1287 1659 1355 1728 in
1391 1657 1635 1749 steph.
1675 1681 1748 1749 Ρ.
1787 1655 2011 1743 1111,
2051 1657 2173 1731 21.
2230 1659 2431 1732 ἔστιν
2464 1685 2596 1731 ουν
2607 1713 2672 1748 ,
2694 1656 2813 1740 ὅς-

594 1787 705 1842 τις
733 1787 825 1833 αν
853 1761 992 1833 τοῦ
1019 1754 1226 1843 ξύλου
1241 1760 1358 1834 καὶ
1383 1762 1522 1833 τοῦ
1549 1759 1815 1856 χωρίου
1843 1788 1961 1831 και
1983 1761 2123 1833 τοῦ
2153 1758 2663 1857 γραμματείου
2690 1789 2821 1834 το-

596 1857 862 1986 σαύτην
888 1859 1230 1952 υπέμεινε
1257 1862 1671 1957 μίσθωσιν·
1642 1917 1667 1953 ,
1723 1863 1879 1936 ἔστι
1916 1859 1986 1935 δ’
2019 1860 2205 1944 ὄςτις
2235 1891 2325 1935 αν
2356 1859 2457 1936 δι’
2485 1861 2571 1936 ὂν
2602 1859 2816 1959 ω’φει-

593 1957 790 2060 λήκει
851 1963 1183 2038 τοσαῦτα
1243 1958 1584 2063 χρήματα
1636 1991 1680 2062 η
1727 1958 2090 2062 τράπεζα,
2154 1959 2394 2062 τούτῳ
2442 1993 2538 2038 τα
2594 1960 2819 2040 λοιπα

595 2068 1029 2165 ἑπέτρεψενς

799 2170 895 2238 Et
937 2193 1093 2237 cum
1140 2167 1341 2249 ὅπως.
1440 2167 1632 2236 Idem
1678 2168 1929 2237 ibidem
1975 2193 2050 2261 p.
2093 2169 2268 2243 44⁰.
2314 2170 2382 2243 l.
2439 2170 2639 2243 ἔστιν
2682 2166 2813 2244 οὖν

597 2269 786 2351 ὅπως
827 2271 1052 2345 ταῦτ’
1105 2271 1231 2358 ἄν,
1283 2276 1515 2344 ε’κεῖνα
1546 2266 2047 2395 Ηπροειρηκώς,
2118 2301 2156 2346 ο
2202 2267 2424 2353 αὐτός
2476 2265 2660 2368 α’νῆρ
2710 2266 2818 2367 μή

597 2373 1038 2471 διαφθαρεὶς
1068 2367 1461 2472 ἐτόλμησεν
1494 2375 1760 2466 εἰπεῖνς
1810 2375 2046 2467 Eurip.
2082 2375 2238 2469 Iph.
2271 2376 2483 2448 Taur.
2519 2373 2693 2448 385.

801 2521 931 2597 οὐκ
984 2519 1157 2599 ἔσθ’
1209 2521 1395 2604 ὅπως
1446 2525 1686 2598 ἔτεκεν
1738 2555 1830 2598 αν
1882 2554 1926 2624 η
1982 2521 2166 2609 Διος
2219 2521 2467 2625 δαμαρ

801 2621 1031 2726 Λητω
1078 2621 1446 2722 τοσαύτην
1499 2622 1861 2719 α’μαθίαν.

594 2779 775 2849 Mire
802 2780 983 2848 hanc
1019 2779 1379 2848 formulam
1410 2779 1692 2849 mutavit
1714 2779 2107 2851 Herodotus
2132 2781 2314 2856 Vm.
2357 2781 2527 2857 119.
2582 2786 2654 2857 εί
2673 2810 2814 2881 γαρ

597 2876 688 2980 δη
711 2882 949 2957 ταῦτα
988 2880 1180 2956 οὕτω
1183 2875 1493 3007 ἐρ’ρῆθη
1536 2886 1609 2956 ἐκ
1642 2882 1786 2957 τοῦ
1826 2877 2273 2982 κυβερνήτεω
2303 2912 2484 2983 προς
2511 2887 2813 3012 Ξέρξεα,
2889 2951 2892 2954 Α

596 2988 673 3060 ἐν
713 2991 1015 3083 μυρίῃσι
1059 3011 1378 3082 γνωμῃσι
1423 2983 1604 3078 μίαν
1657 2981 1788 3059 οὐκ
1834 2987 1969 3076 ἔχω
2008 2984 2341 3070 α’ντίξοον
2390 2984 2499 3087 μή
2548 2986 2678 3064 οὐκ
2723 2988 2816 3062 ἄν
2893 3061 2898 3065 ,

596 3087 897 3185 ποιῆσαι
946 3090 1263 3184 βασιλῆα
1302 3084 1626 3160 τοιόνδε·
1693 3114 1865 3168 τους
1908 3089 2046 3179 μὲν
2094 3095 2166 3164 ἐκ
2204 3090 2342 3163 τοῦ
2380 3119 2815 3190 καταστρω-

593 3216 875 3282 ματος,
927 3182 1426 3284 καταβιβάσαι
1460 3193 1528 3269 ἐς
1563 3187 1804 3311 κοίλην
1850 3190 2035 3285 νῆα,
2071 3185 2323 3275 ἐόντας
2376 3196 2672 3289 Πέρσας
2698 3221 2817 3267 και

597 3293 936 3387 Περσέων
976 3318 1156 3372 τους
1182 3285 1561 3418 πρώτους·
1613 3318 1762 3363 των
1808 3289 1879 3366 δ’
1923 3296 2266 3389 ἐρετέων
2322 3290 2591 3370 ε’όντων
2641 3300 2814 3369 Φοι·

594 3391 807 3467 νίκων
820 3448 855 3484 ,
910 3390 1084 3472 ὅκως
1112 3390 1240 3467 οὐκ
1271 3419 1362 3466 αν
1390 3395 1555 3466 ἴσον
1599 3392 1881 3513 πλῆθος
1927 3403 2123 3470 τοῖσι
2169 3400 2506 3521 Πέρσῃσι
2526 3401 2816 3493 ἐξέβαλε

596 3499 664 3574 ἐς
704 3490 842 3593 τήν
874 3489 1276 3568 θάλασσαν.
1375 3497 1554 3566 Nam
1581 3517 1712 3588 pro
1759 3491 1891 3569 οὐκ
1931 3498 2089 3572 ἔστι
2128 3498 2243 3568 hio
2280 3500 2373 3569 ad
2399 3495 2506 3596 μή
2552 3527 2681 3575 ουκ
2721 3528 2815 3574 αν

564 3596 569 3601 ’
594 3622 897 3695 ποιησαι
926 3596 1285 3667 refertur*
1241 3617 1446 3678 οπως.

799 3699 1412 3770 Commemoranda
1453 3699 1567 3769 hic
1612 3707 1715 3768 est
1762 3700 1963 3769 etiam
2008 3703 2299 3772 formula
2343 3700 2489 3778 οἶδ
2535 3702 2655 3779 ὅτι
2721 3703 2814 3779 αν
2927 3763 2931 3770 .

596 3811 668 3870 et
693 3798 837 3876 οἷδ’
870 3800 915 3875 5
941 3832 1019 3876 τι
1049 3802 1160 3876 ἄν.
1213 3802 1560 3896 Aristoph.
1591 3802 1767 3875 Ach.
1800 3798 1978 3878 555.
2251 3825 2276 3874 s.

795 3953 1016 4030 ταῦτ’
1068 3953 1216 4031 οἷδ’
1269 3955 1388 4031 ὅτι
1442 3955 1535 4030 ἄν
1587 3956 1865 4052 ἕδρατε.

590 4107 722 4182 Av
760 4063 986 4184 1221

1908 4236 2150 4307 αραγ
2159 4207 2180 4231 ⁸
2232 4207 2438 4286 οἶσθ
2491 4210 2613 4287 ὅτι

695 4414 706 4422 „
797 4307 1214 4387 δικαιότατ’
1266 4343 1358 4388 αν
1408 4317 1773 4410 ληφθεῖσα
1826 4335 2078 4386 πασων
2103 4240 2409 4412 νῙρίδων

796 4411 1197 4506 ἀπέθανες,
1258 4418 1328 4490 εἰ
1359 4417 1484 4506 τῆς
1535 4411 1734 4498 α’ξίας
1785 4408 2213 4509 ετιῖγχανεςς
