3284 5159
640 383 771 448 151
962 334 967 340 ’
1326 378 1445 481 oe
1519 377 2064 449 PAR-meva
2113 377 2191 448 av

849 572 956 641 De
994 550 1119 640 'ina
1163 569 1640 662 particularum
1685 560 1991 641 finalium
2020 594 2177 643 cum
2214 574 2516 666 optativo
2545 582 2617 643 et
2647 577 2862 668 parti-

647 675 800 742 cula
847 674 939 746 ἆν
988 674 1478 742 constructione
1494 725 1514 762 ‚
1581 697 1760 764 quae
1804 676 2097 745 refertur
2141 677 2232 746 ad
2274 700 2433 748 eum
2478 680 2722 769 finem,
2790 690 2862 749 ut

645 777 810 869 quid
841 777 1055 873 possit
1079 777 1249 868 fieri,
1300 776 1476 846 infra
1506 779 1970 871 explicabitur.

1703 1048 1787 1121 V.

784 1218 916 1289 De
968 1217 1386 1314 optativo
1436 1225 1760 1299 rectae
1812 1217 2287 1291 orationis
2340 1218 2539 1291 sine
2588 1218 2715 1293 ἄν.

843 1372 1063 1442 Venio
1101 1395 1277 1441 nunc
1314 1371 1407 1441 ad
1446 1391 1608 1439 eum
1646 1371 1926 1462 optativi
1961 1366 2189 1459 usum',
2241 1395 2446 1462 quem
2475 1392 2683 1465 supra
2718 1374 2855 1442 dixi

640 1484 869 1544 rectae
896 1476 1210 1545 orationis
1250 1476 1549 1568 speciem
1589 1473 1847 1542 habere
1865 1526 1886 1563 ‚
1938 1473 2127 1562 quod
2171 1497 2256 1543 eo
2291 1485 2517 1544 nostra
2553 1478 2853 1568 ipsorum

643 1581 939 1671 cogitata
974 1579 1070 1647 sic
1108 1579 1537 1649 enunciamus
1557 1627 1578 1666 ‚
1629 1586 1706 1644 ut
1744 1598 1880 1644 non
1916 1576 2403 1669 distinguamus
2444 1581 2852 1672 cogitantem

639 1683 727 1750 ab
764 1684 1101 1772 loquente.
1184 1681 1416 1751 Habet
1456 1681 1511 1749 is
1545 1688 1773 1749 autem
1800 1680 1949 1770 ipse
1973 1701 2102 1771 per
2128 1702 2203 1748 se
2228 1680 2369 1748 sine
2400 1684 2734 1773 particula
2760 1683 2851 1755 ἄν

640 1794 958 1874 quattuor
1002 1785 1286 1854 formast
1349 1806 1506 1852 nam
1549 1783 1662 1850 vel
1707 1784 2002 1875 optantis
2035 1791 2138 1850 est
2154 1833 2175 1870 ,
2226 1784 2337 1851 vel
2373 1785 2655 1855 iubentis
2669 1836 2690 1873 ,
2743 1788 2853 1855 vel

635 1889 913 1957 volentis
926 1939 947 1976 ,
999 1888 1107 1956 vel
1143 1887 1498 1979 opinantis,

840 2025 1069 2114 Atque
1110 2024 1366 2115 optatio
1412 1998 1649 2091 natura
1691 2043 1812 2090 sua
1843 2020 2006 2089 nihil
2051 2031 2152 2090 est
2194 2023 2320 2091 nisi
2359 2024 2678 2116 cogitatio
2723 2025 2845 2108 rei,
2947 2056 2963 2067 -

636 2150 876 2219 quam,
930 2149 1136 2217 quum
1168 2150 1302 2195 non
1335 2127 1453 2212 sit,
1506 2148 1654 2194 esse
1683 2124 2011 2216 cupimus.
2115 2125 2222 2193 Ea
2252 2127 2630 2194 necessario
2664 2135 2849 2194 caret

589 2257 600 2272 ·
633 2230 967 2325 particula
1011 2228 1103 2303 ἄν
1120 2285 1145 2318 ,
1199 2230 1359 2319 quia
1401 2228 1591 2319 quod
1620 2236 1934 2319 optamus
1960 2236 2218 2296 tantum
2255 2230 2446 2298 abest
2484 2238 2561 2297 ut
2606 2229 2847 2298 condi-

631 2336 815 2403 tione
842 2334 1068 2424 aliqua
1094 2333 1406 2425 restringi
1430 2333 1731 2418 velimus,
1783 2339 1857 2398 ut
1879 2331 2100 2422 ipsum
2123 2331 2494 2400 habeamus
2518 2355 2650 2424 pro
2677 2356 2847 2401 con-

635 2437 884 2508 ditione
900 2488 920 2525 ,
985 2459 1121 2526 qua
1163 2437 1440 2528 impleta
1491 2437 1668 2505 bene
1712 2434 1906 2503 nobis
1963 2433 2111 2501 fore
2169 2458 2539 2527 speremus.
2645 2434 2845 2505 Vnde

634 2541 884 2611 multae
927 2540 1299 2632 optationes
1345 2539 1547 2607 etiam
1596 2559 1754 2607 cum
1792 2537 2123 2628 particula
2151 2539 2579 2617 conditionali
2603 2538 2845 2630 profe-

631 2652 901 2712 runtur:
936 2645 1012 2715 εἴ
1026 2668 1161 2736 μοι
1190 2645 1424 2741 ξυνείη
1454 2644 1759 2738 φέροντι
1780 2645 2008 2736 μοῖρα
2025 2635 2533 2715 τανεῦσεπτοτ
2547 2639 2843 2734 dynam*

629 2741 936 2840 io'ywv'
893 2772 1117 2843 εργωτ
1159 2772 1240 2818 τε
1280 2742 1620 2823 πάντωνε
1666 2745 1711 2816 i.
1748 2766 1806 2812 e.
1842 2742 1909 2812 si
1944 2742 2029 2811 id
2049 2742 2253 2838 fiat,
2309 2742 2486 2814 bene
2512 2745 2692 2814 mihi
2719 2743 2858 2814 sit..

628 2850 821 2919 Idem
859 2859 961 2918 est
999 2851 1159 2922 εἴθε
1177 2897 1199 2937 ,
1253 2857 1478 2916 ortum
1504 2870 1589 2916 ex
1629 2850 1704 2919 εἰ
1734 2847 1884 2919 θεέ.
1987 2846 2397 2937 Plerumque
2430 2857 2654 2916 autem
2698 2849 2839 2916 sine

630 2954 960 3047 particula
990 2950 1450 3019 conditionali:
1479 2943 1759 3023 ἁδόντα
1791 2943 1859 3020 δ’
1888 2950 1997 3047 εἴη
2026 2975 2123 3038 με
2145 2954 2297 3030 τοῖς
2325 2953 2638 3042 ἀγαθοῖς
2674 2948 2837 3041 ὁμι-

628 3060 799 3130 λεῖν.
879 3054 1125 3139 Qualia
1152 3055 1250 3121 sic
1279 3063 1447 3146 puta
1482 3053 1672 3120 dicit·
1700 3050 1923 3121 liceat
1953 3050 2131 3119 mihi
2166 3052 2244 3143 (i.
2279 3076 2336 3125 e.
2377 3075 2567 3121 sumo
2599 3054 2837 3145 licere)

506 3156 511 3161 ’
630 3158 982 3228 bonorum
1008 3157 1520 3227 consuetudine
1527 3155 1705 3249 frm'
1719 3180 1743 3224 .·
1795 3162 1948 3224 tum
1973 3151 2149 3224 bene
2176 3156 2290 3226 sit.
2396 3155 2542 3225 Sed
2566 3156 2704 3224 hoc
2726 3165 2833 3224 to-

629 3273 774 3330 tum
824 3282 1071 3353 genuS,
1127 3259 1316 3349 quod
1361 3260 1705 3353 optatione
1751 3258 2153 3347 continetur,
2204 3268 2345 3327 tam
2385 3259 2664 3351 planum
2714 3268 2834 3348 est,

629 3376 701 3433 ut
728 3387 864 3433 non
894 3386 1066 3456 opus
1103 3365 1186 3431 sit
1229 3364 1569 3456 exemplis.
1668 3361 1896 3432 vnum
1930 3369 2152 3430 tamen
2181 3361 2461 3432 afferam
2476 3411 2497 3446 ‚
2551 3362 2739 3452 quod
2766 3363 2834 3430 in

628 3491 712 3536 eo
748 3469 984 3534 tectius
1025 3466 1368 3535 recondita
1406 3468 1568 3536 latet
1594 3465 1879 3557 optatio.
1981 3463 2278 3534 Achilles
2317 3465 2507 3534 Iliad.
2543 3486 2623 3561 ψ.
2661 3460 2831 3535 15⁰.

628 3570 1057 3662 Spercheum
1104 3570 1453 3660 alloquens
1471 3620 1492 3655 ‚
1558 3570 1667 3637 cui
1727 3590 1993 3636 comam
2037 3568 2326 3657 aluerat,
2394 3591 2603 3658 quam
2653 3589 2830 3637 nunc

625 3673 940 3744 Patroclo
972 3681 1074 3742 est
1099 3682 1636 3759 consecraturus,
1687 3672 1781 3740 ita
1804 3671 2136 3761 loquitur.

732 3826 858 3899 νῦν
911 3821 986 3899 ὃ
1037 3824 1190 3898 ἐπει
1242 3820 1331 3897 οὐ
1382 3823 1647 3917 νέομαί
1692 3852 1774 3918 γε
1826 3820 2041 3948 φίλην
2093 3828 2164 3905 ἐς
2211 3820 2531 3920 πατρίδα
2582 3826 2823 3916 γαῖαν,

728 3920 1133 4025 Πατρόκλῳ
1185 3925 1373 4025 ἥρωὶ
1414 3921 1646 4024 κόμην
1698 3919 2059 4021 όπασαιμι
2112 3928 2493 4024 φέρεσθαι.

625 4081 844 4174 Optat
872 4082 1084 4163 enim,
1133 4089 1210 4148 ut
1231 4103 1359 4173 per
1386 4079 1812 4172 Spercheum
1841 4077 1967 4147 sibi
1996 4079 2226 4166 liceat,
2277 4100 2483 4168 quam
2507 4079 2669 4148 huic
2696 4099 2820 4146 nu·-

622 4187 894 4254 triverat
935 4206 1198 4252 comam
1212 4234 1233 4270 ‚
1299 4184 1526 4251 dicare
1579 4183 1916 4251 Patroclo.
2021 4183 2452 4272 Quamquam
2497 4182 2570 4250 id
2626 4176 2821 4251 etiam

622 4288 835 4358 velim
866 4288 1058 4356 dare
1092 4287 1298 4359 dicas,
1400 4285 1578 4354 Illud
1604 4294 1832 4354 tamen
1855 4285 2217 4359 tenendum
2247 4299 2381 4373 est,
2422 4286 2657 4377 epicos
2689 4308 2818 4353 ve-

624 4400 800 4460 teres
816 4442 837 4478 ,
903 4390 1020 4479 qui
1061 4389 1332 4459 liberius
1373 4390 1705 4481 particula
1746 4388 1864 4462 κὲν
1910 4396 2213 4474 utuntur,
2281 4411 2371 4458 ne
2415 4390 2485 4457 in
2520 4387 2819 4482 optando
