3284 5159
1234 436 1409 499 LIB.
1449 435 1559 498 111.
1650 437 1843 498 GAP.
1887 439 1946 504 5.
2095 504 2098 507 .
2563 445 2691 512 168

459 620 1018 798 fflffllffiffigim
1067 624 1135 692 in
1176 647 1419 695 comm.
1461 650 1552 694 cr.
1595 626 1687 694 ad
1752 625 1933 702 Oed.
1979 626 2127 701 Col.
2183 629 2355 704 199.
2403 582 2680 708 Mosch.

561 879 671 975 τῷ
704 876 774 952 δ’
806 874 944 974 ἐγω
975 908 1062 954 ου
1094 874 1517 975 φθονέοιμι.
1899 959 1914 964 ,

458 1035 581 1105 nisi
606 1035 721 1103 ille
751 1035 1016 1128 scripsit
1042 1030 1218 1109 οὐδέ
1241 1029 1311 1106 κ’
1342 1026 1482 1129 ἐγώ
1515 1035 1943 1131 φθονέοιμι.
1994 1034 2291 1106 Theocr.
2313 1032 2528 1105 xxn.
2554 1035 2675 1109 74.

669 1164 677 1173 Ι
971 1183 1099 1262 οὐκ
1127 1185 1316 1284 ἄλλῳ
1346 1217 1428 1284 γε
1452 1183 2051 1297 μαχεσσαίμεσθ’
2079 1184 2198 1263 ἐπ’
2225 1182 2487 1286 ἀέθλῳ.

454 1342 739 1413 xxvn.
768 1341 890 1413 oo.
1334 1298 1345 1309 ’

561 1491 697 1592 φῄς
720 1488 1126 1590 μοι’ποῖντα
1146 1489 1403 1589 δόμεν·
1450 1490 1644 1589 τᾶχὰ
1677 1491 1749 1570 δ”
1772 1477 2080 1589 ὕστερον
2108 1491 2272 1570 οὐδ’
2300 1493 2441 1572 ἅλα
2461 1497 2670 1596 δοίης.

657 1650 796 1736 Qui
822 1660 1046 1720 autem
1076 1652 1212 1720 loci
1243 1675 1380 1721 non
1413 1653 1757 1722 debebant
1790 1650 2047 1740 afferri,
2098 1651 2172 1719 hi
2202 1659 2385 1719 sunt:
2442 1652 2670 1743 primo

455 1751 571 1820 ubi
601 1756 937 1844 optativus
973 1756 1262 1847 optantis
1286 1765 1415 1824 est:
1455 1755 1679 1847 Soph.
1712 1755 1815 1823 Ai.
1843 1751 2019 1827 994.
2049 1778 2241 1824 meae
2275 1754 2383 1822 ed.
2414 1754 2664 1825 Aesch.

452 1854 588 1948 Ag.
632 1855 805 1928 225.
906 1857 1171 1926 Deinde
1207 1859 1276 1926 in
1324 1859 1563 1949 quibus
1605 1858 1696 1930 ἄν
1734 1857 1979 1926 idonea
2017 1857 2324 1927 codicum
2370 1858 2667 1925 auctori-

450 1967 588 2027 tate
615 1961 939 2045 firmatur,
991 1970 1066 2029 ut
1092 1963 1158 2029 in
1191 1963 1358 2032 Plat.
1385 1961 1676 2030 Theaet.
1705 1984 1775 2053 p.
1812 1958 1977 2030 166.
2007 1963 2092 2029 A.
2131 1961 2247 2028 ubi
2278 1959 2432 2027 cod.
2460 1959 2664 2029 Bodl.

451 2069 519 2129 et
549 2072 863 2151 quattuor
896 2085 981 2132 ex
1017 2065 1343 2134 tredecim
1383 2064 1687 2133 Bekkeri
1725 2064 1942 2149 libris,
1994 2072 2063 2132 et
2095 2062 2349 2154 Cratyl.
2377 2061 2548 2132 397.
2575 2065 2661 2135 A.

447 2166 567 2233 ubi
595 2166 777 2235 idem
815 2166 1018 2235 Bodl.
1055 2178 1123 2235 et
1156 2191 1239 2238 ex
1272 2167 1733 2261 duodeviginti
1760 2166 2061 2235 Bekkeri
2098 2167 2278 2234 libris
2310 2187 2428 2234 sex
2459 2175 2660 2234 tuen-

446 2276 559 2336 tur
586 2266 700 2343 ἄν.
802 2269 988 2338 Τιιιιι
1023 2271 1241 2362 Soph.
1273 2270 1453 2344 Oed.
1501 2270 1650 2340 Col.
1680 2268 1800 2339 42.
1835 2271 1951 2339 ubi
1977 2269 2132 2339 vide
2172 2292 2348 2360 quae
2395 2271 2659 2338 notavi—

444 2394 614 2442 mus,
666 2374 882 2442 Porro
899 2372 1247 2467 Aristoph.
1280 2377 1407 2446 Av.
1441 2373 1607 2443 189.
1641 2375 1760 2441 ubi
1792 2373 2221 2445 scribendum
2240 2369 2592 2441 videtur‘'
2533 2400 2661 2454 ως-

443 2500 581 2568 περ
622 2477 782 2571 εἴπῃ
814 2502 943 2557 τις.
1047 2478 1261 2570 Apud
1305 2478 1725 2570 Aeschylum
1768 2477 2016 2591 Suppl.
2045 2472 2220 2551 735.
2261 2475 2521 2544 facilior
2559 2483 2660 2545 est

441 2550 772 2646 Erfurdti'i
802 2581 1223 2665 coniectura,

550 2734 714 2814 ἴσως
740 2726 878 2830 γοῖρ
909 2762 1001 2805 αν
1028 2727 1245 2832 κη’ρυξ
1276 2762 1388 2817 τις
1412 2734 1464 2841 ἢ.
1487 2735 1799 2833 πρέσβυς
1824 2726 2078 2828 μόλοι·
2087 2804 2104 2809 ,

442 2909 854 2976 quamquam
900 2911 1039 2957 non
1084 2889 1546 2957 contenderim
1584 2912 1721 2958 non
1768 2886 2066 2979 potuisse
2108 2885 2318 2953 omitti
2362 2882 2472 2956 ἄν.
2574 2885 2655 2954 In
2767 2924 2774 2933 .

438 2988 678 3081 Eurip.
721 2991 994 3061 Heracl.
1037 2986 1209 3061 527.
1242 2993 1613 3085 particulae
1647 2988 1881 3065 δὲκαὶ
1919 2989 2199 3081 μᾶλλον
2227 2990 2517 3080 faciunt,
2577 2997 2655 3056 ut

422 3115 577 3189 *non
610 3093 806 3161 valde
837 3094 1248 3165 laudandum
1280 3105 1517 3187 putem
1556 3095 2016 3186 Scaligerum,
2070 3093 2183 3181 qui
2228 3093 2488 3186 πρέποι
2518 3113 2650 3181 pro

440 3197 698 3288 πρέπει
757 3197 1186 3266 scribendum
1244 3200 1656 3271 iudicaverit.
1737 3197 1868 3265 'De
1924 3194 2142 3286 Soph.
2197 3196 2425 3286 Antig.
2473 3192 2647 3263 912.

437 3298 594 3365 vide
620 3321 795 3387 quae
827 3300 1143 3369 adnotavi
1174 3302 1262 3371 ad
1289 3327 1444 3371 eum
1477 3304 1704 3371 locum
1734 3324 1799 3371 v.
1836 3296 2009 3366 993.
2042 3320 2234 3366 meae
2270 3298 2379 3366 ed.
2435 3298 2649 3366 Deni-

437 3423 573 3489 que
599 3402 764 3469 illud
799 3404 995 3473 valde
1031 3406 1271 3492 miror,
1322 3406 1512 3496 quod
1540 3428 1615 3496 Ρ.
1659 3401 1831 3471 134.
1870 3424 1912 3468 a
1944 3401 2364 3469 Schaefero‘
2346 3424 2415 3468 ιιι
2459 3415 2685 3469 erro—‘

436 3526 582 3571 rem
609 3506 855 3575 abduci
887 3531 958 3576 se
984 3528 1219 3629 passus
1244 3519 1344 3576 est
1370 3509 1726 3600 Reisigius.
1810 3507 1987 3573 Nam
2019 3505 2203 3625 quod
2238 3506 2351 3573 ille
2388 3504 2478 3571 ad
2506 3505 2649 3572 Po-

439 3607 691 3700 sidippi
716 3632 981 3677 versum
1007 3612 1074 3678 in
1102 3612 1301 3679 Poesi
1331 3634 1559 3704 gnom.
1591 3635 1663 3702 p.
1693 3607 1862 3678 195.
1896 3607 2088 3695 dicit,
2139 3608 2206 3675 in
2237 3608 2457 3676 verbis

537 3760 753 3858 ποίην
784 3790 898 3843 τις
933 3757 1224 3855 βιότοιο
1256 3760 1463 3862 τάμῃ
1489 3764 1784 3862 τρίβον,

433 3923 508 3982 ιιι
533 3938 617 3982 ex
648 3915 799 3989 cod.
848 3917 1058 3987 edidit
1090 3917 1491 4008 Brunckius,
1545 3918 1917 4012 optativum
1954 3912 2230 3984 defendi
2268 3911 2648 3983 Metrodori

431 4018 746 4108 parodia,

366 4257 372 4262 ·
504 4164 887 4274 4παντοίην
919 4166 1211 4266 βιότοιο
1246 4169 1509 4271 τάμοις
1539 4175 1843 4274 τρίβον.

428 4349 860 4418 nequaquam
889 4353 1122 4398 verum
1155 4337 1274 4399 est.
1377 4332 1829 4424 Posidippum
1853 4329 2028 4399 enim
2045 4377 2066 4414 ,
2121 4335 2197 4394 ut
2233 4324 2350 4415 qui
2380 4319 2645 4391 delibe-

426 4439 640 4519 raret,
707 4433 1126 4504 coniunctivo
1184 4435 1277 4503 uti
1332 4459 1608 4505 necesse
1656 4444 1837 4518 erat3
1901 4430 2341 4501 Metrodorus
2400 4428 2645 4511 autem,

2076 4550 2230 4622 Lz
