3284 5159
1194 456 1468 521 LIB.1.
1559 454 1857 523 elluo.
2008 411 2015 423 ’
2558 469 2648 531 45

425 651 586 742 lpse
632 642 848 722 ὁπόσ’
892 646 1046 722 ἐστὶ
1081 673 1308 741 χρεων
1341 648 1576 742 legere
1608 648 1898 720 videtur.
2005 649 2232 744 Vulgo
2272 653 2399 736 ibi,
2452 652 2531 727 ‘tc'
2573 653 2644 729 δ

428 750 518 827 οὐ
563 780 649 826 συ
697 757 987 848 φρονεῖς
1041 745 1260 823 ὁπόσ’
1307 752 1460 826 ἐστὶ
1498 778 1729 846 χρεων
1771 745 1905 825 τόν
1941 780 2040 875 γε
2104 757 2297 853 σοφῇ
2339 754 2644 850 δόκιμον

426 855 659 951 φρενί.
762 852 1014 923 Suidae
1050 853 1206 927 cod.
1252 854 1446 977 Lem:
1493 848 1732 928 ὁπόσα
1773 848 2001 949 χρεών
2050 860 2208 929 ἐστι
2248 852 2384 931 τὸν
2393 861 2645 982 κσοφῇ.

426 958 651 1030 Codd.
685 949 862 1029 Rav.
901 967 970 1025 et
1014 956 1183 1029 Ven.
1223 952 1441 1031 ὁπὸσ
1484 956 1577 1030 οἲν
1612 950 1842 1055 χρεών
1873 959 2031 1032 ἐστι
2062 952 2197 1033 τὸν
2230 962 2444 1060 σοφῇ.
2547 964 2641 1038 G.

424 1060 815 1131 Dindorfius
852 1061 942 1129 ita
976 1060 1215 1129 edidit.

629 1241 776 1294 πως
826 1208 897 1286 δ
950 1208 1154 1304 ουχίς
1202 1210 1283 1286 τί
1312 1205 1470 1340 γάρ
1535 1238 1615 1331 σε
1666 1207 1958 1307 πεΗφευγ
1974 1263 1996 1303 ,
2051 1208 2190 1287 ὅσα
2239 1240 2383 1337 χρη

635 1342 870 1411 σοφον
920 1312 1198 1437 ἄνδρας
1250 1314 1326 1389 τί
1377 1312 1448 1388 δ
1503 1310 1593 1388 οὐ
1645 1342 1732 1388 συ
1788 1322 2110 1415 φρονεῖς,
2166 1312 2383 1392 ὁπὸσ’
2435 1320 2529 1393 ἄν

634 1445 861 1513 χρεων
910 1411 1043 1491 τόν
1095 1446 1175 1510 γε
1225 1418 1420 1514 σοφῇ
1471 1411 1776 1512 δόκιμον

636 1519 850 1618 φρενὶ
899 1518 1187 1618 πορίμῳ
1240 1546 1323 1594 τε
1374 1513 1656 1617 τόλμης

425 1675 512 1756 Id
553 1674 718 1743 mihi
761 1674 1036 1764 quidem
1069 1697 1204 1743 non
1237 1674 1504 1743 videtur
1546 1674 1707 1743 ferri
1748 1698 1992 1767 posse,
2044 1674 2202 1764 quia
2236 1674 2375 1745 sive
2418 1670 2467 1773 ᾖ
2503 1677 2644 1747 sive

428 1782 536 1874 εἴη
565 1778 930 1869 ἰιιῐεΙΙίςοε,
980 1800 1116 1847 ιιοιι
1147 1787 1332 1846 recte
1369 1778 1682 1869 procedit
1728 1779 2068 1852 sententia.
2177 1778 2356 1864 Quin
2398 1802 2485 1848 ne
2527 1781 2650 1850 illa

428 1881 739 1971 quidem,
794 1878 930 1952 ὅσα
966 1874 1105 1976 χρῆ
1134 1874 1366 1975 σοφὸν
1388 1879 1668 1974 ἄνδρα,
1722 1903 1861 1970 quo
1903 1903 2100 1949 sensu
2140 1881 2361 1949 verbis
2393 1881 2473 1954 τί
2501 1877 2644 1979 γάρ

430 2011 510 2057 σε
551 1986 857 2077 πέφευγε
891 1984 1105 2075 aptari
1150 1984 1446 2073 possint,
1497 1984 1722 2058 video.
1825 1983 2044 2052 Immo
2081 1984 2191 2051 vix
2227 1993 2398 2074 puto
2438 1984 2641 2052 dubi-

426 2087 554 2154 tari
594 2109 833 2177 posse,
884 2087 1044 2176 quin
1077 2086 1240 2153 nihil
1283 2087 1411 2154 sint
1450 2087 1574 2155 nisi
1607 2086 1964 2179 explicatio
1994 2087 2357 2155 verborum
2403 2080 2644 2159 ὁπόσα

427 2184 657 2281 χρεῶν
683 2183 818 2261 τὸν
851 2189 1045 2284 σοφῇ
1073 2182 1377 2282 δόκιμον
1410 2188 1639 2286 φρενί.
1725 2190 1904 2258 Ηίιιο
1939 2189 2123 2258 effici
2153 2190 2463 2277 arbitror,
2517 2212 2642 2257 ex-

431 2292 669 2359 cidisse
696 2292 1033 2379 nonnulla,
1085 2315 1262 2381 quae
1297 2301 1521 2360 autem
1547 2291 1899 2378 habemuS,
1952 2293 2047 2360 sic
2073 2316 2220 2361 esse
2249 2292 2640 2363 scribenda·

427 2421 572 2474 πως
623 2390 694 2467 δ’
747 2392 954 2485 οὐχίς
1003 2392 1082 2466 τί
1128 2388 1268 2489 γάρ
1323 2421 1403 2467 σε
1442 2396 1797 2517 πέφευγε,·
1845 2391 1924 2467 τί
1956 2390 2030 2467 δ’
2082 2392 2169 2468 οὐ
2216 2421 2303 2467 συ
2352 2401 2643 2490 φρονεῖς

430 2489 667 2570 ὁπόσα
701 2522 928 2591 χρεων
964 2500 1119 2569 ἐστι
1153 2497 1347 2595 σοφῇ
1378 2488 1683 2589 δόκιμον
1718 2496 1926 2594 φρενὶ
1955 2496 2242 2592 πορίμῳ
2271 2525 2356 2571 τε
2384 2492 2641 2592 τόλμῃ.

630 2601 929 2669 Pertinet
970 2600 1061 2667 ad
1102 2599 1280 2667 hanc
1308 2600 1829 2691 disputationem
1872 2600 2072 2668 etiam
2105 2594 2232 2673 ἑαν
2268 2622 2423 2668 cum
2460 2600 2642 2667 indi-

429 2703 647 2773 cativo
675 2704 1042 2795 praesentis
1071 2704 1400 2789 iunctum,
1454 2701 1640 2793 quod
1676 2703 2114 2789 recentioreS,
2164 2703 2233 2770 in
2265 2704 2477 2793 iisque
2509 2704 2643 2795 ipsi

427 2806 846 2898 grammatici
903 2828 1041 2873 non
1096 2829 1252 2873 raro
1309 2814 1736 2897 usurparunt.
1840 2806 1950 2874 De
1998 2828 2131 2894 qua
2179 2829 2256 2873 re
2319 2828 2362 2872 a
2406 2804 2640 2875 Bastio
2715 2817 2720 2822 ’

429 2909 937 2997 Schaeferoque
959 2908 1374 3000 disputatum
1399 2909 1596 2977 estin
1617 2909 1970 3000 Epimetro
2000 2908 2089 2981 11.
2117 2907 2208 2975 ad
2236 2908 2437 2979 Arist.
2460 2908 2639 2981 Plut.

427 3036 499 3104 p.
524 3011 906 3084 XXXVIII.
935 3035 1079 3102 seq.
1181 3013 1392 3101 Atqui
1432 3011 1764 3104 originem
1785 3021 2018 3079 tamen
2062 3011 2351 3099 aliquam
2385 3009 2645 3079 habere

430 3114 843 3183 cousuetudo
893 3115 1020 3183 ista
1061 3114 1288 3190 debet.
1392 3115 1552 3183 Nou
1602 3124 1705 3183 est
1750 3115 1925 3183 enim
1967 3114 2323 3199 credibile,
2376 3115 2432 3181 si
2473 3113 2644 3182 illud

430 3218 774 3286 soloecum
825 3226 961 3304 est,
1025 3218 1243 3286 subito
1294 3218 1763 3286 soloecismum
1810 3218 2144 3309 placuisse
2210 3216 2476 3284 Graece
2531 3217 2641 3284 lo-

431 3321 805 3410 quentibuS.
908 3320 1127 3388 Immo
1151 3322 1317 3389 istae
1349 3345 1391 3389 a
1426 3322 1720 3413 genuina
1753 3321 2025 3415 linguae
2052 3319 2312 3388 ratione
2360 3319 2641 3388 aberra-

427 3425 640 3492 tiones
670 3424 816 3492 fere
851 3447 934 3492 ex
967 3447 1052 3492 eo
1080 3434 1278 3492 natae
1306 3432 1491 3510 sunt,
1547 3424 1735 3513 quod
1766 3423 2037 3509 imitari,
2092 3446 2265 3513 quae
2298 3422 2482 3514 apud
2516 3445 2640 3489 an-

426 3527 647 3615 tiquos
675 3539 743 3594 et
770 3526 988 3595 bonos
1018 3529 1380 3619 scriptores
1407 3527 1834 3615 exquisitiora
1868 3526 2251 3594 viderentur
2267 3578 2287 3613 ,
2338 3528 2408 3594 in
2436 3525 2640 3593 laude

427 3629 935 3711 numerabatur3
987 3653 1163 3720 quae
1198 3629 1593 3697 imitationes
1607 3680 1627 3715 ,
1669 3652 1879 3720 quum
1918 3652 2192 3697 caussae
2234 3651 2354 3697 cur
2387 3629 2478 3695 illi
2510 3629 2638 3695 ali-

431 3732 700 3821 quando
730 3756 772 3798 a
817 3733 1056 3824 regula
1099 3732 1543 3801 declinassent
1572 3756 1709 3801 non
1751 3740 1969 3801 essent
2017 3733 2173 3799 satis
2213 3741 2636 3823 perspectae,

430 3836 811 3927 saepissime
851 3835 920 3902 in
947 3837 1176 3904 vitium
1211 3836 1727 3929 degenerarunt.
1830 3835 1990 3903 Non
2022 3834 2320 3904 debebat
2362 3833 2641 3923 quidem

426 3937 876 4006 Schneiderus
905 3939 974 4005 in
1004 3939 1284 4031 Epicuri
1320 3938 1604 4029 epistola
1633 3961 1709 4029 p.
1740 3936 1861 4023 27,
1892 3936 2015 4009 84.
2047 3930 2176 4009 ἐάν
2205 3964 2315 4017 τις
2341 3931 2637 4029 βαστά-

429 4049 529 4126 ζει
572 4040 977 4129 defendere,
1026 4065 1248 4131 neque
1281 4040 1595 4109 Reiskius
1629 4042 1699 4108 in
1740 4040 2093 4113 Demosth.
2140 4062 2239 4113 or.
2280 4041 2351 4107 in
2388 4041 2635 4112 Neaer.

424 4166 498 4234 p.
546 4141 789 4230 1374,
851 4142 973 4217 24.
1029 4167 1069 4213 e
1112 4144 1268 4218 cod.
1314 4142 1487 4216 Bav,
1536 4144 1738 4229 dare,
1790 4136 1920 4217 ἐοῖν
1963 4139 2037 4214 δ’
2086 4145 2362 4232 εἴςεισι,
2414 4165 2640 4232 neque

426 4248 512 4313 ab
554 4246 698 4314 aliis
733 4246 893 4314 ferri
924 4247 1109 4340 apud
1149 4248 1549 4338 Lycurgum
1596 4244 1770 4319 109.
1817 4270 1888 4337 p.
1933 4243 2107 4318 162.
2154 4247 2292 4313 sive
2335 4268 2409 4338 p.
2459 4242 2636 4321 266.

410 4347 648 4423 Bekk.
697 4347 869 4423 212.
898 4350 1175 4422 Reisk.:
1229 4348 1412 4423 ὅταν
1451 4354 1526 4422 ἐν
1574 4355 1728 4429 τοῖς
1766 4346 2014 4428 ὅπλοις
2056 4341 2635 4444 ἐκστρατευόμε-

423 4450 541 4524 νοί
604 4454 765 4526 εἰσι.
864 4452 1289 4523 Heinrichius
1336 4452 1442 4548 libi
1498 4453 1661 4525 ἴωσι
1714 4450 1960 4541 edidit,
2013 4451 2202 4543 quod
2250 4473 2384 4520 non
2423 4451 2636 4519 ausim
