3284 5159
666 423 791 486 16⁰
1345 419 1466 481 DE
1533 418 2088 491 PARTICVLA
2132 416 2221 485 ἄν

531 664 537 671 .
665 611 760 679 sic
806 619 952 680 e'sse
994 608 1540 702 intelligendum,
1595 610 1670 681 εἴ
1702 635 1895 691 τινες
1937 608 2279 709 φέροιεν,
2335 603 2468 683 δύο
2501 637 2585 704 γε
2622 606 2712 686 οὗ
2743 610 2882 706 φέ-

664 741 906 810 ροιεν,
957 712 1124 781 illud
1154 723 1381 782 autem
1408 712 1602 786 Iliad.
1641 741 1711 786 α.
1748 711 1923 782 271.

1694 863 1996 939 κείνοισι
2030 861 2104 939 δ’
2137 863 2230 938 ἄν
2264 862 2465 946 οὔτις

763 965 947 1057 τῶν,
1001 971 1083 1039 οἳ
1105 966 1234 1041 νῦν
1263 964 1524 1060 βροτοὶ
1551 967 1730 1042 εἰσὶν
1757 961 2216 1058 ἐπιχθόνιοι,
2266 969 2661 1062 μαχέοιτο,

660 1144 794 1191 ιιοιι
827 1120 1125 1213 potuisse
1165 1121 1409 1189 omissa
1455 1122 1787 1213 particula
1827 1120 1961 1188 dici
1980 1170 2001 1206 ‚
2053 1120 2209 1210 quia
2237 1122 2332 1188 sie
2367 1129 2482 1189 aut
2510 1121 2647 1189 hoc
2681 1120 2877 1212 cogi-

656 1233 929 1311 tuetur,
986 1225 1060 1294 εἴ
1093 1249 1204 1302 τις
1237 1217 1582 1315 μάχοιτο,
1634 1222 1835 1304 οὔτις
1867 1217 2187 1315 μάχοιτο
2236 1221 2560 1304 ἐκείνοις,
2619 1232 2734 1292 aut
2764 1223 2878 1293 hie

650 1350 885 1397 ‚sensus
919 1325 1260 1418 prodiret,
1313 1328 1388 1398 εἴ
1423 1352 1535 1407 τις
1570 1320 1891 1418 μάχοιτο
1924 1324 2218 1405 ἐκείνοις
2226 1380 2255 1413 ,
2311 1324 2512 1408 οὔτις
2552 1321 2874 1420 μάχοιτο

658 1429 954 1509 ἐκείνοις
965 1482 994 1517 ,
1045 1450 1249 1497 nemo
1281 1452 1418 1496 non
1444 1428 1629 1498 videt
1654 1430 1749 1495 ita
1790 1428 2205 1519 disputatum
2234 1451 2381 1498 esse
2407 1477 2428 1514 ‚
2479 1438 2593 1515 ut,
2645 1429 2876 1521 prouti

658 1534 807 1623 quis
846 1532 1038 1617 velit,
1092 1539 1208 1598 aut
1242 1554 1326 1599 ex
1348 1531 1576 1622 priore
1607 1533 1762 1600 loco
1797 1531 2254 1600 demonstrare
2283 1533 2518 1623 possit,
2569 1533 2636 1599 in
2661 1533 2873 1600 altero
2935 1524 2938 1527 ’

657 1635 1019 1704 delendam
1052 1656 1199 1702 esse
1229 1633 1665 1725 particulam,
1716 1642 1833 1701 aut
1874 1655 1960 1703 ex
1986 1634 2286 1703 seeundo
2316 1637 2473 1702 loco
2513 1636 2874 1704 ostendere

654 1737 1040 1807 addendam
1052 1737 1333 1806 fuissein
1347 1737 1596 1828 priore.
1648 1738 1826 1805 Nam
1841 1737 1899 1804 si
1929 1736 2171 1805 eodem
2188 1738 2420 1826 modo,
2453 1760 2591 1827 quo
2617 1739 2708 1806 de
2733 1737 2873 1806 hoe

649 1842 1025 1933 posteriore
1051 1840 1205 1907 loco
1235 1840 1477 1926 statuit,
1526 1842 1832 1932 priorem
1856 1840 2279 1965 interpretari
2309 1842 2610 1909 volemus
2628 1891 2649 1927 ‚
2700 1842 2870 1909 duas

649 1945 1051 2014 habebimus
1064 1965 1414 2038 perversas
1431 1944 1807 2034 sententiaS‚
1836 1951 1952 2011 aut
1968 1944 2041 2014 εἴ
2045 1945 2571 2074 τινεςφέροιεν,
2596 1941 2872 2025 οὔτινος

653 2049 968 2144 φέροιεν,
993 2054 1108 2113 aut
1124 2048 1189 2119 εἰ
1215 2039 1344 2118 δύο
1370 2068 1452 2138 γε
1470 2048 1788 2143 φεᾝροιιν
1823 2073 1910 2117 ου
1894 2038 2060 2119 ’δύο
2074 2074 2153 2138 γε
2171 2048 2495 2143 φευροιεν
2521 2069 2620 2115 sm
2630 2055 2867 2138 poste-

649 2153 896 2219 riorem
914 2151 1140 2216 locum
1159 2171 1242 2216 eo
1265 2147 1502 2237 modo,
1556 2171 1695 2237 quo
1723 2149 1810 2218 de
1837 2149 2066 2241 priore
2094 2150 2307 2235 sentit,
2361 2150 2867 2241 explicabimu8‚

644 2262 833 2323 recte
848 2253 959 2320 ille
975 2275 1046 2320 se
1056 2251 1357 2335 habebit,
1388 2261 1880 2343 evanescetque
1899 2272 2104 2341 quam
2119 2253 2477 2320 omissione
2497 2253 2866 2344 particulae

646 2356 830 2426 nasci
850 2363 1046 2447 putat
1071 2354 1612 2445 perversitatem:
1660 2357 1734 2426 εἴ
1756 2381 1864 2434 τις
1900 2348 2220 2446 μάχοιτο
2251 2353 2583 2435 ἐκείνοις,
2639 2353 2731 2427 οὔ
2758 2381 2868 2436 τις

561 2535 565 2539 ,
647 2459 795 2533 τῶν
825 2457 952 2531 νῦν
992 2450 1330 2551 μάχοιτο.
1439 2456 1581 2551 Cur
1627 2458 1805 2526 enim
1847 2479 2056 2547 quum
2088 2457 2156 2522 in
2185 2457 2397 2527 altero
2435 2459 2590 2526 loco
2620 2464 2864 2551 urgeat
2976 2543 2984 2550 .

647 2561 950 2630 additum
981 2559 1444 2650 praedicatum
1481 2553 1611 2634 δύο
1655 2588 1736 2652 γε
1755 2611 1777 2651 ,
1830 2559 1979 2646 hic,
2032 2560 2150 2627 ubi
2181 2560 2484 2629 additum
2529 2569 2631 2629 est
2662 2562 2862 2630 etiam

645 2664 1151 2757 significantium,
1218 2690 1364 2736 των
1413 2668 1511 2735 οἱ
1527 2663 1657 2736 νῦν
1694 2660 1957 2756 βροτοὶ
1995 2661 2172 2735 εἰσιν
2218 2657 2682 2752 ἐπιχθόνιοι,
2731 2688 2860 2756 pro

642 2791 780 2837 non
828 2766 1060 2835 addito
1102 2765 1362 2834 habet?
1414 2765 1725 2858 Denique
1765 2764 1929 2857 quid
1972 2765 2217 2835 talibus
2257 2768 2415 2857 fiet,
2477 2768 2680 2856 quale
2724 2768 2859 2837 hoc

642 2881 783 2960 est,
838 2870 1028 2941 Iliad.
1067 2897 1142 2966 φ.
1181 2867 1354 2942 2Ί4.

818 3031 825 3039 ’
1683 3023 1936 3097 ἔπειτα
1967 3019 2045 3096 δὲ
2068 3018 2192 3094 καί
2221 3048 2299 3093 τι
2334 3015 2663 3116 πάθοιμι
2676 3049 2706 3114 ,·

643 3173 851 3262 Quod
884 3196 969 3244 ex
1000 3172 1208 3266 ipsius
1236 3182 1608 3268 praecepto
1634 3198 1847 3267 quum
1885 3176 1980 3244 sie
2015 3173 2592 3267 interpretandum
2624 3174 2739 3262 sit,
2793 3175 2867 3246 εἴ

642 3306 722 3352 τι
759 3272 1133 3371 πάθοιμι,
1183 3271 1510 3371 πείθοιμί
1546 3306 1661 3363 τι,
1713 3278 1879 3368 quid
1908 3278 1978 3346 id
2009 3277 2192 3346 aliud
2232 3286 2369 3366 est,
2421 3300 2626 3368 quam
2671 3277 2857 3368 quod

544 3450 552 3465 „
640 3379 711 3448 in
771 3379 1079 3448 omnibus
1131 3381 1492 3467 verborum
1545 3381 1764 3451 modis
1809 3382 2036 3450 locum
2081 3380 2341 3449 habet?
2409 3381 2604 3466 Nams
2656 3382 2857 3449 etiam

640 3475 891 3573 πάσχω
939 3481 1102 3572 quid
1141 3481 1323 3551 aliud
1370 3492 1471 3551 est
1508 3506 1715 3573 quam
1746 3477 1994 3574 πάσχω
2034 3484 2105 3555 εἰ
2132 3475 2438 3572 πάσχωῖ
2479 3483 2717 3573 Itaque
2762 3484 2856 3552 sie

636 3585 863 3677 potius
923 3584 1428 3653 existimandum
1478 3595 1612 3675 est,
1682 3587 1867 3655 nudo
1922 3586 2221 3678 optativo
2268 3587 2656 3677 opinionem
2714 3586 2855 3655 sine

641 3687 1056 3775 conditione,
1109 3689 1407 3780 optativo
1436 3711 1591 3757 cum
1616 3691 1944 3781 particula
1972 3687 2065 3761 ἄν
2096 3697 2321 3756 autem
2350 3712 2740 3780 suspensam
2771 3712 2856 3758 ex
2881 3742 2887 3747 -

640 3790 1018 3860 conditione
1047 3791 1272 3879 aliqua
1296 3792 1679 3883 opinionem
1714 3793 2097 3885 significari.
2200 3791 2419 3882 quue
2452 3792 2619 3861 vidit
2654 3794 2854 3861 etiam

635 3891 967 3961 Matthiae
990 3893 1080 3961 ad
1104 3894 1340 3985 Eurip.
1367 3894 1654 3986 Hippol.
1683 3893 1856 3991 468.
1922 3895 2150 3986 Atque
2175 3896 2293 3963 illa
2326 3894 2602 3985 quidem
2630 3895 2854 3965 forma

638 3996 815 4088 epici
842 3997 1261 4088 potissimum
1289 4005 1441 4065 sunt
1468 3998 1592 4071 usi.
1699 3998 2039 4068 Homerus
2069 3996 2209 4071 od.
2233 4026 2299 4090 y.
2342 3995 2516 4069 231.

710 4125 898 4247 ,ῥεῖα
932 4142 1104 4230 θεός
1128 4144 1203 4242 γ’
1229 4150 1501 4225 ἐθέλων
1532 4148 1654 4224 καὶ
1684 4143 2002 4248 τηλόθεν
2030 4148 2264 4248 ἄνδρα
2297 4144 2598 4225 σαώσαι.

632 4301 811 4371 Vide
863 4301 1120 4370 ibidem
1168 4299 1345 4375 319.
1399 4302 1457 4385 ξ.
1508 4301 1683 4371 122.
1732 4329 1805 4375 π.
1866 4302 2039 4372 386.
2092 4304 2284 4378 Iliad.
2336 4332 2399 4377 ιι.
2451 4299 2622 4374 246.
2673 4296 2849 4372 556.

635 4430 696 4477 ο.
734 4400 859 4479 45.
899 4402 1064 4473 197.
1119 4431 1187 4478 τ.
1225 4402 1401 4479 321.
1455 4433 1531 4502 φ.
1573 4404 1750 4480 274.
1804 4434 1878 4479 ω.
1920 4405 2097 4482 213.
2163 4408 2320 4477 Duo
2348 4409 2547 4477 huius
2580 4407 2851 4502 generis
