3284 5159
568 398 657 462 20,
1256 385 1374 449 ns
1434 383 1983 450 narlchA
2030 380 2122 451 ἂν

575 581 1120 668 constructiones,
1171 601 1255 648 eo
1285 579 1383 667 uti
1409 584 1833 671 argumento,
1886 577 2076 667 quod
2107 576 2501 648 Herodotus
2529 578 2582 647 Ι.
2613 576 2785 651 196.

577 688 695 783 ubi
724 687 989 777 saepius
1019 707 1172 753 cum
1199 684 1562 775 praeterito
1579 681 1672 754 ἂν
1696 683 1764 749 in
1790 701 1866 749 re
1892 681 2073 749 facta
2099 683 2467 764 coniunxit,
2520 705 2792 751 omnem

578 793 764 860 illam
796 790 1243 857 narrationem
1286 808 1424 854 non
1457 796 1533 853 ut
1576 793 1876 876 caetera,
1929 807 2103 875 quae
2136 783 2224 852 de
2255 785 2793 877 Babyloniorum

578 894 883 963 institutis
939 890 1183 977 refert,
1258 888 1596 981 praesenti
1657 896 1967 980 tempore
2026 889 2421 979 complexus
2471 890 2588 975 sit,
2667 889 2795 959 sed
2869 931 2873 934 ·

579 998 771 1087 quasi
807 995 894 1062 de
932 991 1252 1062 industria
1284 990 1692 1066 transtulerit
1717 992 1785 1058 in
1806 992 2285 1082 praeteritum,
2336 993 2434 1060 sic
2481 1014 2754 1061 exorsus
2769 1016 2792 1060 ε

575 1092 798 1191 ’νόμοι
847 1095 923 1169 δὲ
975 1092 1266 1169 αὐτοῖσι
1316 1092 1452 1167 ὦδε
1493 1095 2011 1168 κατεστέαται·
2091 1092 2135 1167 ὁ
2182 1094 2320 1185 μὲν
2366 1120 2792 1187 σοφωτατος

580 1201 733 1291 ὅδε,
784 1193 975 1273 navo?
1010 1191 1301 1292 γνώμην
1327 1224 1462 1317 ⁷⁷²3
1496 1193 1874 1292 ἡμετέρην,
1918 1195 2025 1290 τῷ
2041 1197 2163 1268 καὶ
2190 1192 2560 1293 ’DJ-vomu
2586 1192 2795 1271 Ενε-

577 1331 748 1392 τους
789 1294 1264 1391 πυνθανομαι
1311 1298 1666 1395 χρῆσθαι·
1732 1292 1924 1372 aava?
1967 1291 2207 1389 κώμας
2248 1294 2553 1379 ἑκάστας
2600 1298 2793 1382 ἅπαξ

578 1407 718 1480 τοῦ
746 1407 941 1484 ἔτεος
971 1395 1278 1476 ἑκάστου
1313 1403 1642 1476 ἐποιέετο
1678 1394 1879 1476 τάδε.
1964 1401 2109 1471 Sed
2150 1401 2237 1469 de
2270 1402 2375 1472 his
2425 1425 2601 1471 nunc
2637 1403 2789 1493 qui-

577 1510 738 1578 dem
768 1507 948 1577 satis.

1593 1692 1748 1764 vll.
1867 1632 1872 1639 Ι

584 1847 716 1919 De
760 1844 866 1922 ἂν
909 1854 994 1917 et
1041 1845 1194 1921 κέν
1247 1867 1439 1918 cum
1476 1845 2000 1918 indicativo
2033 1844 2793 1941 praeteritorum

1386 1966 1475 2036 in
1525 1990 1626 2037 re
1654 1965 1974 2062 facta.

788 2120 1004 2212 Igitur
1032 2142 1241 2209 quum
1285 2118 1538 2212 duplex
1586 2123 1670 2190 sit
1713 2144 1870 2189 usus
1904 2119 2388 2212 particularum
2433 2118 2527 2194 ἄν
2563 2128 2634 2190 et
2673 2119 2794 2194 κὲν

584 2246 741 2293 cum
782 2222 1143 2291 indicativo
1188 2232 1715 2291 constructarum
1734 2274 1755 2311 ,
1827 2224 2061 2291 alter
2041 2247 2109 2291 m
2150 2247 2227 2293 re
2268 2224 2453 2292 facta
2509 2232 2797 2316 propter

579 2327 929 2418 impletam
965 2324 1444 2412 conditionem,
1496 2327 1709 2393 alter
1690 2349 1762 2393 m
1806 2349 1882 2394 re
1919 2349 2057 2394 non
2096 2326 2279 2394 facta
2307 2337 2594 2418 propter
2627 2349 2795 2394 con-

582 2429 906 2515 ditionem
934 2451 1065 2496 non
1077 2428 1473 2546 impletam.
1522 2428 1658 2497 iam
1690 2429 1779 2498 de
1807 2438 2097 2519 utroque
2126 2430 2627 2522 explicabimuS,
2675 2430 2795 2497 ini-

582 2534 677 2602 tio
709 2531 890 2599 facto
919 2553 961 2597 a
988 2530 1238 2621 priore.

790 2631 999 2717 Quod
1030 2655 1070 2698 a
1100 2630 1500 2722 quibusdam
1531 2633 1850 2702 traditum
1876 2641 2015 2720 est,
2065 2621 2509 2726 particulas
2460 2662 2552 2708 αν
2578 2640 2647 2702 et
2675 2632 2796 2706 κέν

366 2827 379 2840 .
495 2802 512 2820 ,
586 2759 742 2805 cum
761 2735 1137 2826 praeteritis
1168 2736 1238 2803 in
1269 2760 1343 2804 re
1375 2738 1555 2805 facta
1588 2747 1998 2806 constructas
2031 2738 2124 2805 ita
2150 2739 2476 2828 usurpari,
2527 2747 2601 2804 ut
2633 2736 2798 2826 quid

581 2863 719 2909 non
765 2839 1008 2924 semel,
1059 2839 1182 2906 sed
1227 2840 1469 2908 iterum
1513 2842 1889 2931 iterumque
1926 2841 2180 2908 factum
2221 2840 2549 2924 indicent,
2597 2840 2667 2907 in
2710 2861 2796 2907 eo

586 2951 691 3011 est
723 2964 881 3010 sane
927 2941 1177 3030 aliquid
1214 2944 1374 3031 veri,
1428 2943 1553 3011 sed
1595 2945 1806 3011 multo
1847 2952 2074 3011 tamen
2106 2943 2298 3010 latius
2327 2951 2520 3035 patet
2554 2942 2799 3010 harum

510 3111 515 3122 .
585 3067 746 3117 usus
796 3044 1294 3136 particularum.
1400 3045 1634 3130 Quum
1677 3048 1855 3114 enim
1906 3069 2035 3137 per
2075 3068 2189 3113 eas
2234 3047 2594 3137 particulas
2612 3096 2633 3133 ,
2715 3054 2790 3112 ut

587 3169 794 3239 supra
822 3146 1231 3216 ostendimus
1260 3149 1551 3217 conditio
1581 3150 1802 3240 aliqua
1821 3150 2279 3240 significetur,
2333 3173 2535 3239 quam
2574 3150 2797 3240 ipsum

586 3250 844 3317 factum
869 3249 1214 3340 impletam
1235 3274 1378 3319 esse
1401 3261 1760 3322 monstret:
1807 3274 2220 3340 consequens
2255 3262 2376 3339 est,
2414 3251 2799 3319 huiusmodi

589 3353 1020 3438 locutionem,
1061 3353 1294 3446 ἔλεγεν
1330 3352 1445 3441 ἄν,
1494 3356 1747 3444 ubique
1780 3355 1873 3421 ita
1905 3356 2185 3446 exprimi
2203 3375 2430 3446 posse,
2484 3352 2798 3443 dicebat,

591 3454 658 3526 εἰ
688 3453 1003 3523 dicebat.
1067 3456 1245 3523 Nam
1270 3458 1479 3525 verbo
1512 3459 1747 3549 ἔλεγεν
1775 3458 2182 3525 affirmamus
2212 3457 2455 3526 dixisse
2485 3449 2799 3547 aliquem,

585 3558 956 3650 particulae
989 3564 1213 3625 autem
1255 3558 1624 3628 adiectione
1648 3560 2013 3628 indicamus
2028 3609 2049 3646 ‚
2102 3560 2269 3628 illud
2300 3560 2524 3628 dicere
2556 3583 2641 3628 ex
2673 3562 2800 3628 ali-

589 3682 726 3749 qua
756 3683 832 3728 re
869 3660 1141 3728 fortuita
1175 3662 1605 3753 pependisse,
1656 3672 2006 3752 totumque
2036 3663 2291 3731 factum
2317 3663 2519 3731 fuisse
2558 3663 2800 3730 fortui-

589 3770 755 3835 tum.
810 3763 935 3830 llla
959 3762 1231 3832 fortuita
1264 3773 1489 3833 autem
1516 3767 1700 3834 varia
1729 3776 1916 3851 sunt,
1967 3775 2065 3850 ut,
2118 3764 2447 3852 dicebat,
2500 3766 2567 3835 si
2595 3766 2800 3833 dice-

592 3862 727 3934 bat
755 3865 918 3948 hic3
968 3865 1034 3936 si
1057 3866 1198 3936 hoc
1229 3893 1256 3951 ,-
1303 3867 1370 3938 si
1400 3868 1608 3953 huic3
1657 3870 1724 3939 si
1748 3869 1888 3938 hoc
1920 3877 2283 3963 tempore,·
2332 3869 2399 3939 εἰ
2424 3868 2564 3937 hoc
2597 3868 2800 3948 loco,-

591 3967 659 4039 οἱ
681 3968 820 4037 hoc
846 3970 1084 4038 modo.
1356 4030 1359 4034 ,
1614 3989 1619 3994 ·

796 4070 902 4139 Ac
945 4073 1512 4161 frequentissimus
1560 4083 1662 4142 est
1701 4073 1899 4143 huius
1948 4073 2297 4142 locutionis
2345 4095 2537 4161 usuS,
2591 4092 2802 4166 quum

595 4169 687 4239 de
714 4171 1020 4261 pluribus
1050 4176 1240 4244 factis
1273 4179 1547 4268 aliquod
1574 4179 1667 4245 ita
1696 4187 2288 4263 commemoratur,
2341 4186 2416 4244 ut
2455 4172 2803 4265 quodlibet

593 4275 806 4365 possit
847 4276 1139 4369 intelligi.
1242 4279 1322 4346 In
1375 4304 1511 4370 quo
1562 4279 1748 4369 q'uod
1800 4281 2148 4350 fortuitum
2194 4288 2328 4365 est,
2393 4280 2538 4345 fere
2581 4278 2691 4345 vel
2735 4277 2804 4344 in

594 4385 925 4470 tempore,
973 4382 1082 4451 vel
1108 4381 1176 4450 in
1200 4405 1515 4474 persona,
1567 4383 1765 4454 velia
1790 4406 1867 4452 re
1896 4382 2213 4475 quapiam
2239 4381 2614 4451 accessoria
2642 4402 2803 4448 ver-
