3284 5159
60 1188 73 1237 Ὗ

1214 425 1384 489 Lm.
1429 424 1534 487 [v.
1626 424 1826 487 (ιιι).
1868 429 1931 490 c.
1973 429 2035 491 τ.
2429 387 2434 390 ’
2619 430 2751 493 193

499 617 698 707 ἔχων
731 615 846 690 ἐπὶ
877 621 1032 698 τοῖς
1063 621 1213 698 σοῖς
1242 611 1593 709 α’γαθοῖς,
1646 609 1928 696 πάντας
1955 614 2035 688 δὲ
2072 609 2223 712 πρό
2252 613 2400 688 τῶν
2429 613 2572 688 σοῖν
2609 612 2744 698 ὥς-

514 745 652 816 περ
687 718 834 794 τοῖν
866 717 1067 793 ἰδίων
1083 722 1576 812 μαχομένους·
1618 712 2040 815 θησαυρούς
2065 746 2145 812 γε
2170 712 2320 814 μήν
2348 718 2535 807 ἔχοις
2562 712 2748 790 ποίν-

514 849 647 903 τας
685 816 859 903 τούς
906 816 1114 921 παροῖ
1158 828 1313 903 τοῖς
1359 821 1595 918 φίλοις
1639 816 2019 902 πλούτους.
2123 821 2538 891 Addendum
2587 832 2749 914 post

515 926 706 1015 ἔχοις
741 935 1148 1015 censuerunt
1181 924 1274 998 ἄν
1316 925 1765 1010 Schaeferus‚
1815 925 2149 1013 BremiuS,
2199 926 2562 1018 Reisigius,
2616 927 2747 1010 alii,

514 1051 643 1097 nec
690 1030 833 1098 sine
885 1029 1388 1122 probabilitate.
1494 1029 1562 1097 Ν
1564 1051 1656 1096 on
1713 1028 1979 1097 videtur
2030 1037 2258 1097 tamen
2297 1030 2744 1098 necessarium

517 1153 698 1217 esse,
765 1133 925 1222 quia
967 1133 1104 1201 hoc
1155 1133 1226 1201 in
1271 1141 1499 1201 mente
1539 1130 1841 1200 habebat
1886 1131 2213 1224 scriptor,
2286 1124 2620 1205 κινδύνου
2672 1129 2743 1205 δ’

516 1262 610 1307 αν
640 1233 853 1316 ὄντος
882 1230 1207 1330 μάλιστα
1233 1235 1372 1328 μὲν
1400 1230 1667 1316 αὐτους
1655 1229 2125 1359 προθύμους
2147 1233 2401 1332 ὁραίης,
2448 1245 2742 1333 θησαυ-

517 1331 688 1432 ρούς
731 1366 812 1429 γε
852 1365 1002 1435 μην
1036 1340 1227 1430 ἔχοις
1262 1365 1436 1419 τους
1481 1334 1727 1411 αὐτων
1767 1330 2143 1417 πλούτους.
2247 1338 2477 1406 Minus
2523 1339 2741 1430 expli·
2815 1370 2824 1377 ·

516 1448 668 1527 cate
705 1440 794 1510 de
843 1441 981 1510 hoc
1020 1464 1277 1534 genere
1322 1441 1632 1511 disseruit
1670 1440 2006 1510 Matthiae
2037 1440 2130 1508 ad
2165 1441 2403 1535 Eurip.
2446 1441 2738 1533 Hippoi.

393 1584 399 1599 ι
514 1516 691 1612 468.
719 1568 794 1637 p.
829 1542 952 1614 44.
1007 1547 1125 1635 qui
1153 1568 1362 1636 quum
1397 1554 1747 1638 negasset,
1797 1544 1982 1614 illam
2028 1546 2357 1615 rationem
2408 1545 2741 1634 quadrare

514 1647 585 1715 in
607 1647 784 1717 haec
817 1647 1183 1742 Sophoclis
1213 1648 1324 1722 El.
1362 1648 1534 1723 79⁰.

621 1805 734 1874 Π.
778 1796 1044 1874 οὐκοῦν
1075 1797 1602 1922 οἷποστείχοιμ
1627 1800 1760 1892 ἄν,
1805 1829 1869 1874 ει
1859 1794 2071 1874 'reid‘
2097 1796 2181 1874 εὖ
2212 1806 2431 1899 κυρεῖ

627 1906 720 1978 Κ.
777 1899 1044 2027 ἥκιστ’·
1101 1904 1392 2000 ἐπείπερ
1433 1900 1602 1978 οὔτ
1628 1903 1816 1997 ἐμου
1849 1902 2197 1995 καταξίως
2446 1990 2450 1995 ,

786 2000 1200 2104 πράξειας,
1220 2006 1390 2082 οὔτε
1425 2006 1568 2081 τοῦ
1592 2001 2086 2107 πορεύσαντος
2112 2009 2356 2095 ξένου,

390 2111 397 2120 ’
512 2159 671 2271 vide
700 2182 878 2252 quae
909 2160 1001 2229 ad
1029 2184 1185 2230 eum
1209 2162 1438 2231 locum
1467 2159 1803 2234 adnotavi
1893 2159 2100 2229 Adde
2131 2158 2312 2229 oea.
2344 2157 2495 2228 col
2511 2112 2699 2233 θοι.

723 2309 949 2386 ‘rivet'
974 2312 1102 2413 ἄν,
1155 2310 1331 2395 οὐδὲ,
1357 2312 1744 2388 τούνδικον
1775 2315 2255 2411 πιεριβλέποις.

512 2465 661 2537 Sed
677 2465 853 2535 haec
881 2468 1185 2557 quamvis
1214 2468 1487 2562 ingente
1514 2469 1772 2561 possim
1813 2467 2282 2560 exemplorum
2322 2466 2740 2538 multitudine

513 2570 916 2641 confirmare
932 2626 954 2663 ,
1007 2572 1163 2641 satis
1196 2572 1280 2641 sit
1303 2571 1656 2663 quomodo
1678 2570 2042 2641 iudicanda
2070 2571 2201 2640 siut
2222 2569 2570 2644 indicasse.

1560 2776 1711 2849 VII.

816 2926 951 2998 De
1003 2928 1654 3000 collocatione
1690 2928 2265 3023 particulae
2316 2924 2438 3001 ἄν.

717 3058 1085 3173 Reliquum
1114 3092 1214 3151 est
1239 3092 1315 3153 ut
1346 3083 1607 3153 dicatur
1637 3083 1727 3152 de
1750 3065 2195 3152 collocatione
2220 3082 2593 3172 particulae
2624 3080 2737 3166 ἄν,

458 3220 464 3224 -
512 3207 691 3275 quae
731 3186 1064 3255 nonnullis
1109 3187 1178 3254 iu
1235 3189 1596 3280 generibus
1641 3185 1964 3278 loquendi
2010 3185 2121 3253 vel
2162 3185 2546 3253 insolentior
2594 3208 2739 3255 esse

510 3289 625 3377 vel
665 3289 921 3379 aliquid
957 3290 1223 3358 videtur
1267 3290 1748 3412 perversitatis
1752 3290 2064 3359 habere.
2135 3287 2365 3372 Quum
2409 3288 2740 3379 particula
2789 3321 2793 3325 ⁴
2898 3329 2900 3332 <

510 3373 627 3459 illa
656 3392 740 3460 sit
776 3393 848 3460 in
874 3393 987 3479 iis,
1040 3405 1215 3501 quae
1252 3416 1386 3462 non
1421 3394 1748 3488 possunt
1729 3418 1799 3461 ιιι
1831 3395 1984 3485 ipso
2011 3392 2181 3483 poni
2212 3391 2523 3459 orationis
2549 3392 2740 3483 prin-

513 3495 729 3588 cipio,
783 3496 1127 3586 quumque
1156 3506 1392 3565 natura
1424 3522 1545 3566 sua
1570 3497 1662 3565 ad
1692 3496 1875 3565 aliud
1906 3496 2190 3564 verbum
2225 3486 2555 3562 referatur
2582 3518 2737 3563 cum
2848 3503 2853 3509 '

512 3620 737 3688 eoque
787 3600 869 3667 sit
919 3600 1310 3686 coniuncta,
1380 3623 1801 3690 consequens
1850 3607 1952 3668 est
1991 3597 2372 3691 proprium
2401 3598 2464 3666 ei
2509 3599 2738 3666 locum

514 3724 663 3769 esse
691 3703 911 3770 statim
944 3711 1102 3795 post
1134 3725 1287 3771 eam
1318 3727 1581 3790 vocem,
1627 3704 1719 3771 ad
1751 3703 1933 3772 cuius
1956 3701 2297 3770 notionem
2327 3702 2736 3770 constituen-

513 3804 674 3872 dam
705 3805 960 3894 aliquid
992 3806 1274 3879 confert.
1380 3807 1618 3897 ltaque
1645 3808 1867 3900 primo
1883 3856 1903 3893 ,
1952 3803 2140 3895 quod
2172 3804 2261 3871 ad
2295 3806 2738 3903 consociatio-

510 3930 668 3975 nem
707 3908 847 3976 eius
880 3932 1033 3976 cum
1067 3910 1489 3979 coniunctivo
1523 3911 1758 3979 attinet
1771 3963 1792 4000 ,
1846 3909 2160 3998 quoniam
2186 3906 2277 3975 ad
2306 3906 2503 3976 huius
2535 3918 2736 3999 pote-

510 4018 756 4079 statem
781 4010 1177 4080 mutandam
1215 4012 1383 4082 nihil
1411 4015 1706 4099 confert,
1758 4035 1897 4081 non
1923 4019 2154 4103 potest
2181 4019 2341 4103 post
2363 4011 2737 4079 coniuncti-
2865 4019 2869 4023 “

508 4135 674 4181 vum
704 4115 872 4206 poni
893 4165 913 4201 ‚
969 4115 1094 4183 sed
1124 4117 1188 4184 ei
1222 4125 1324 4185 est
1359 4118 1515 4186 voci
1557 4114 1967 4206 adiicienda,
2020 4137 2063 4181 a
2104 4136 2240 4202 qua
2271 4116 2532 4207 reg-itur
2567 4136 2738 4181 con-

506 4216 858 4286 iunctivus·.
963 4217 1204 4309 ltaque
1235 4213 1409 4299 ἐάν,
1471 4219 1546 4299 ὃς
1590 4218 1712 4298 ἄν,
1767 4226 1835 4287 et
1863 4236 2332 4306 quaecumque
2362 4226 2509 4286 sunt
2540 4215 2737 4285 huius

506 4321 779 4411 generis
825 4321 958 4388 alia
1014 4322 1419 4391 coniunctim
1470 4331 1844 4414 ponuntur,
1910 4320 2035 4389 nisi
2077 4320 2303 4411 quod,
2359 4343 2566 4410 quum
2604 4343 2742 4397 non

506 4423 577 4491 ἰιι
605 4447 811 4493 unam
840 4425 955 4493 illa
982 4448 1225 4496 vocem
1258 4427 1662 4515 coalescunt,
1716 4424 2097 4494 coniunctio
2124 4424 2462 4515 interponi
2491 4432 2743 4517 potest,

2163 4541 2327 4613 ΝΖ
