3284 5159
438 3823 449 3862 f

545 436 632 500 73
1233 436 1350 497 DE
1423 435 1969 500 PARTmVLA
2013 429 2105 499 ἂν

545 648 1126 717 quorumcumque
1162 635 1550 721 temporum
1597 627 1727 695 sint
1742 677 1762 714 ,
1829 635 2056 695 tamen
2112 634 2373 695 certum
2418 627 2768 718 quoddam

546 739 817 821 tempus
867 730 991 797 sibi
1047 733 1408 823 proprium
1454 731 1785 815 habeant,
1840 754 1920 798 ac
1966 739 2339 822 propterea
2377 733 2768 823 saepissime

544 835 813 902 illorum
852 841 1272 928 temporum,
1326 856 1615 925 quorum
1654 832 1841 901 modi
1881 843 2034 902 sunt
2049 884 2071 918 ,
2120 835 2511 925 primariam
2557 836 2766 927 signi—

543 937 927 1006 ficationem
955 939 1276 1011 amittant.
1383 939 1476 1007 Et
1517 937 1936 1005 coniunctivo
1969 936 2244 1026 quidem
2276 938 2528 1029 ubique
2557 939 2764 1030 signi-

543 1042 768 1110 ficatio
813 1040 1140 1110 adhaeret
1178 1043 1400 1110 futuri.
1504 1042 1690 1109 Nam
1728 1040 1979 1109 indicat
2018 1042 2131 1109 ille
2158 1041 2435 1131 quidem
2463 1043 2613 1111 fieri
2640 1043 2765 1110 ali-

543 1144 741 1234 quid,
792 1144 1135 1214 factumve
1161 1167 1343 1230 esse,
1395 1143 1638 1213 sedita
1677 1143 1960 1231 indicat,
2012 1153 2088 1212 ut
2120 1145 2498 1238 exspectari
2525 1155 2766 1238 postu-

541 1248 668 1334 let,
715 1247 934 1315 donec
963 1249 1372 1339 experientia
1396 1271 1543 1316 rem
1581 1248 2008 1339 comprobet.
2114 1247 2323 1333 Quod
2361 1258 2587 1317 autem
2627 1271 2767 1317 non

543 1351 732 1418 aliter
757 1350 905 1420 fieri
930 1352 1342 1420 censendum
1376 1360 1511 1440 est,
1566 1373 1773 1441 quam
1801 1373 2010 1441 quum
2035 1352 2184 1419 fieri
2214 1353 2638 1445 cognoveris,
2689 1352 2765 1421 id

543 1476 759 1544 usque
812 1452 978 1521 dum
1018 1456 1425 1547 cognovisti,
1478 1454 1780 1525 nondum
1823 1476 1956 1545 pro
2002 1454 2185 1523 facto
2234 1455 2474 1525 haberi
2513 1463 2760 1547 potest.

544 1556 646 1624 Ita
700 1558 996 1649 exempli
1045 1581 1279 1627 caussa
1325 1560 1655 1655 γένηται,
1728 1558 1849 1625 etsi
1898 1566 2001 1627 est
2052 1559 2396 1651 praeteriti
2439 1559 2763 1651 temporis

544 1661 999 1728 coniunctivus
1016 1711 1038 1748 ,
1085 1671 1313 1730 tamen
1330 1715 1351 1750 ,
1406 1662 1563 1751 quia
1612 1661 2067 1730 coniunctivus
2109 1671 2246 1750 est,
2309 1663 2518 1731 futuri
2584 1671 2762 1730 tem-

542 1764 728 1854 poris
776 1764 1070 1853 aliquam
1097 1764 1652 1858 significationem
1685 1763 1928 1851 habet,
1982 1773 2051 1834 et
2086 1765 2361 1855 quidem
2398 1766 2610 1835 futuri
2638 1788 2760 1834 ex-

542 1865 696 1940 acti.
803 1867 1147 1952 Quoniam
1186 1868 1364 1937 enim
1395 1867 1486 1936 ad
1526 1891 1673 1937 rem
1696 1869 1986 1936 refertur
2000 1915 2023 1953 ,
2077 1868 2260 1936 cuius
2297 1870 2537 1938 veritas
2575 1869 2761 1937 facto

543 1970 1015 2062 cognoscenda
1050 1971 1163 2061 sit,
1215 1970 1380 2039 illud
1410 1970 1599 2061 quod
1638 1993 1724 2040 ex
1764 1994 1845 2040 ea
1871 1994 1946 2039 re
1977 1979 2054 2039 ut
2100 1994 2183 2039 ex
2218 1972 2598 2041 conditione
2640 1994 2761 2040 sua

539 2072 800 2166 pendet
815 2123 836 2162 ,
894 2097 1034 2143 non
1061 2075 1254 2142 aliter
1286 2083 1506 2143 ratum
1545 2075 1706 2159 erit,
1759 2097 1965 2164 quam
1998 2075 2270 2167 cognita
2308 2075 2444 2143 iam
2483 2075 2760 2144 veritate

541 2178 639 2245 rei
673 2177 923 2301 istius&
949 2201 1033 2246 ex
1062 2200 1197 2268 qua
1222 2177 1515 2270 pendet:
1565 2200 1629 2246 v.
1662 2200 1721 2246 c.
1758 2172 1979 2250 καλόν
2007 2206 2128 2250 τοι
2159 2174 2420 2270 yioi’oo'
2451 2175 2760 2272 ὄτωπί-

545 2305 699 2360 oue
722 2280 958 2377 παρῇε
1013 2278 1206 2350 bona
1239 2290 1349 2351 est
1381 2279 1682 2350 dicendi
1697 2278 2095 2373 facultas,
2147 2281 2214 2351 si
2245 2281 2361 2349 cui
2385 2279 2604 2377 fides
2639 2280 2758 2368 sit,

541 2383 584 2454 i.
619 2405 678 2451 e.
708 2392 784 2451 ut
806 2384 1195 2476 explicatius
1238 2385 1479 2474 dicam,
1524 2385 1922 2454 laudanda
1956 2392 2069 2454 est
2098 2381 2757 2476 dicendisamdtas

540 2486 617 2555 in
648 2508 755 2577 eo,
808 2486 882 2555 in
912 2486 1308 2584 qaofidem
1344 2511 1498 2559 3333
1526 2487 1913 2581 repereris.
2019 2487 2134 2556 Sic
2169 2488 2371 2556 etiam
2409 2510 2562 2556 cum
2588 2511 2754 2580 par-

538 2589 755 2658 ticulis
805 2590 1134 2660 finalibus.
1236 2592 1417 2660 Nam
1467 2598 1586 2665 ἵνα
1641 2590 2015 2685 γίγνηται,
2084 2597 2203 2663 ἵνα
2252 2592 2547 2688 γένηται
2586 2613 2756 2683 pro-

423 2693 430 2701 ’
510 2693 687 2796 prie
716 2694 1130 2785 significant,
1182 2693 1460 2791 utfieri
1475 2745 1495 2782 ,
1547 2703 1629 2764 ut
1640 2691 1944 2786 sactum
1975 2716 2135 2763 3333
2162 2695 2596 2786 reperiatur.

747 2793 1108 2888 Optativus
1165 2805 1391 2866 autem
1445 2806 1685 2866 natura
1730 2821 1850 2865 sua
1904 2797 2249 2890 praeditus
2307 2806 2410 2865 est
2462 2795 2756 2888 quadam

470 2967 477 2986 ,
537 2901 910 2992 praesentis
977 2902 1334 2972 notatione.
1439 2901 1674 2986 Quum
1734 2901 1911 2969 enim
1961 2901 2441 2992 cogitationem
2485 2901 2755 2968 alicuius

538 3003 819 3091 indicet,
887 3004 1363 3094 cuiuscumque
1405 3004 1731 3096 temporis
1776 3003 2111 3096 optativus
2155 3003 2268 3088 sit,
2335 3012 2756 3095 praesentem

540 3106 817 3199 intelligi
845 3109 1147 3199 postulat
1179 3108 1656 3200 cogitationem
1701 3130 1785 3176 eo
1812 3117 2142 3199 tempore,
2193 3107 2265 3175 in
2300 3106 2486 3196 quod
2526 3106 2756 3173 incidit

399 3278 431 3297 ‚
537 3210 673 3298 illa,
724 3232 930 3299 quam
972 3210 1245 3299 indicat,
1300 3210 1637 3303 cogitatio.
1742 3211 1846 3279 lta
1884 3220 2196 3302 tempore
2238 3209 2399 3277 facti
2435 3207 2757 3277 differunt

539 3313 863 3404 γένοιτο,
915 3311 1279 3407 γίγνοιτο,
1352 3308 1773 3410 γενήσοιτο,
1830 3313 1953 3382 sed
2010 3314 2331 3406 cogitatio
2377 3311 2591 3402 haec,
2642 3313 2717 3380 fa

541 3424 724 3483 ctum
759 3415 921 3504 quid
966 3439 1115 3485 esse
1131 3466 1151 3503 ,
1203 3417 1315 3485 vel
1351 3417 1498 3485 fieri
1518 3467 1538 3504 ,
1584 3417 1703 3485 ‘vel
1732 3416 2030 3485 futurum
2075 3440 2256 3505 esse,
2311 3438 2393 3485 ea
2434 3438 2752 3508 praesens

538 3517 929 3610 intelligitur
968 3542 1051 3587 eo
1093 3529 1438 3613 tempore,
1492 3519 1581 3587 de
1625 3542 1764 3610 quo
1805 3521 2118 3610 loqueris,
2221 3519 2317 3587 Vt
2365 3520 2421 3588 si
2460 3518 2550 3588 de
2586 3542 2755 3587 con-

537 3621 684 3689 silio
726 3623 1094 3714 cuiuspiam
1140 3624 1452 3714 loquare,
1505 3632 1691 3692 recte
1728 3622 1947 3708 diceS,
2001 3619 2187 3705 ὅπως
2227 3625 2515 3717 γένοιτο
2538 3673 2559 3712 ,
2612 3623 2752 3691 sive

508 3722 863 3823 -ἐποίησεν
892 3725 1102 3794 addas
1123 3775 1145 3812 ,
1196 3728 1336 3795 sive
1366 3730 1609 3815 ποιεῖ,
1663 3725 1803 3795 sive
1831 3719 2135 3821 ποιήσει.

741 3828 956 3918 Hinc,
1022 3838 1102 3898 ut
1148 3830 1220 3897 id
1260 3830 1478 3898 obiter
1532 3829 1840 3897 adiiciam
1856 3880 1877 3915 ,
1941 3837 2249 3919 apertum
2287 3838 2424 3916 est,
2492 3849 2647 3914 cur,
2698 3826 2753 3893 si

434 3921 439 3930 '
534 3939 801 4023 tempus
832 3931 1000 4000 illud
1031 3933 1336 4026 respicis,
1389 3954 1527 4021 quo
1558 3932 1786 4000 adhuc
1829 3933 2088 4000 futurus
2130 3940 2234 4000 est
2279 3940 2555 4001 eventus
2586 3952 2751 4011 con-

536 4035 656 4102 silii
676 4086 696 4121 ,
753 4032 940 4116 ὅπως
967 4037 1259 4133 γένηται
1291 4034 1580 4105 dicatur:
1632 4036 1815 4105 unde
1859 4036 1945 4120 si,
1998 4035 2186 4125 quod
2209 4036 2610 4127 plerumque
2649 4034 2749 4118 fit,

533 4147 801 4230 tempus
834 4137 1001 4206 illud
1030 4140 1100 4206 in
1133 4147 1359 4208 mente
1388 4137 1641 4223 habes,
1692 4162 1829 4228 quo
1868 4139 2015 4230 ipse
2045 4139 2377 4228 loqueris,
2426 4146 2610 4205 recte
2643 4136 2749 4203 di-

418 4255 422 4264 '
536 4264 648 4309 ces
693 4246 896 4313 ποιεῖ
957 4250 1025 4310 et
1072 4236 1403 4339 ποιήσει,
1473 4237 1662 4323 ὅπως
1719 4244 2045 4339 γένηται,
2114 4240 2442 4337 ἐποίησεν
2501 4249 2750 4323 autem,

464 4431 471 4438 ι
537 4339 724 4423 ὅπως
772 4344 1111 4441 γένηται,
1178 4368 1313 4413 non
1350 4344 1575 4431 aliter,
1636 4345 1764 4412 nisi
1809 4347 1862 4413 si
1907 4342 2208 4413 nondum
2264 4343 2580 4412 eflectum
2628 4342 2785 4427 est,

535 4446 721 4536 quod
737 4447 884 4538 quis
913 4449 1185 4517 volebat
1204 4448 1404 4521 effici.
1454 4449 1590 4517 vbi
1615 4443 1842 4517 autem
1862 4446 2330 4517 tantummodo
2358 4455 2649 4516 mentem
2684 4453 2752 4512 et
