3284 5159
1107 385 1273 445 LIB.
1318 383 1418 448 lu.
1509 381 1696 445 CAP.
1740 389 1800 451 θ.
1845 388 1904 450 7.
2463 390 2629 461 7165

423 574 756 666 exempla,
807 573 875 644 in
916 574 1158 667 quibus
1203 574 1450 643 diserte
1494 573 1724 642 addita
1750 583 1852 643 est
1888 574 2203 662 conditio,
2253 572 2408 645 vide
2440 575 2628 667 apud

419 674 791 770 Reisigium
811 702 884 769 p.
920 676 1093 752 124.

284 807 291 811 ·
622 781 936 873 Apparet
968 804 1054 851 ex
1092 781 1218 867 his,
1271 780 1572 871 optativo
1602 802 1756 847 cum
1788 779 2115 871 particula
2145 776 2235 849 ἂν
2272 781 2626 849 coniuncto

422 884 805 975 opinionem
866 883 1225 976 significari
1282 882 1372 950 de
1427 906 1511 951 eo
1525 931 1546 968 ,
1616 881 1802 972 quod
1846 904 1931 951 ex
1985 882 2207 971 aliqua
2241 883 2626 953 conditione

418 986 732 1079 pendeat.
836 988 1045 1077 Atqui
1091 986 1279 1077 quod
1319 986 1413 1054 sic
1458 984 1734 1053 demum
1777 1008 1925 1054 esse
1966 993 2313 1076 putamus,
2379 996 2453 1055 ut
2495 1009 2631 1056 non

421 1089 502 1157 sit
548 1089 672 1158 nisi
713 1089 1094 1159 conditione
1143 1089 1366 1182 aliqua
1406 1089 1715 1180 impleta,
1766 1087 1837 1155 id
1882 1096 2195 1179 apertum
2241 1100 2342 1158 est
2379 1113 2514 1159 non
2556 1099 2630 1157 ut

419 1192 606 1281 quod
639 1215 797 1261 vere
843 1194 958 1277 sit,
1010 1192 1133 1261 sed
1181 1202 1255 1261 ut
1302 1190 1490 1281 quod
1529 1190 1746 1282 possit
1788 1212 1936 1258 esse
1979 1191 2279 1284 cogitari.
2378 1195 2485 1261 Eo
2520 1192 2628 1261 fa-

421 1304 602 1363 ctum
640 1305 777 1382 est,
831 1304 904 1363 ut
951 1294 1371 1388 grammatici
1406 1293 1805 1386 particulam
1832 1293 2016 1361 illam
2049 1289 2447 1388 σύνδεσμον
2493 1298 2629 1369 dv-
2721 1306 2726 1310 ’
2759 1344 2770 1371 t

421 1392 711 1494 νητικόν
751 1400 1191 1491 appellarent.
1297 1396 1508 1481 Quod
1539 1403 1766 1464 tamen
1808 1419 1943 1464 non
1974 1397 2070 1464 sic
2116 1405 2218 1465 est
2254 1398 2629 1490 intelligen-

421 1501 583 1568 dum
617 1524 698 1568 ac
722 1501 775 1569 si
808 1497 1101 1596 ποιοῖμ’
1134 1499 1226 1574 ἄν
1251 1500 1433 1569 idem
1460 1501 1544 1568 sit
1576 1499 1766 1589 quod
1794 1492 2113 1591 δύναμαι
2145 1506 2400 1573 ποιεῖν.
2453 1502 2634 1569 Nam

418 1603 584 1672 illud
614 1605 945 1696 posterius
985 1605 1083 1672 rei
1117 1626 1320 1672 verae
1354 1602 1886 1672 enunciationem
1918 1602 2241 1689 continet,
2294 1626 2439 1672 esse
2467 1603 2631 1672 mihi

418 1716 820 1798 potestatem
873 1706 1185 1780 faciendi.
1288 1706 1446 1774 Hoc
1494 1714 1720 1774 autem
1771 1700 2062 1796 ποιοῖμ’
2113 1702 2205 1776 ἄν
2246 1706 2634 1797 opinionem

417 1809 701 1894 indicat,
750 1810 1087 1880 facturum
1110 1834 1220 1879 me
1249 1832 1415 1896 esse,
1467 1810 1521 1877 si
1546 1808 1722 1877 forte
1753 1808 2032 1899 impleta
2063 1808 2148 1874 sit
2185 1807 2475 1879 conditio
2505 1810 2630 1878 ali-

420 1936 551 2002 qua
569 1964 589 2000 ,
644 1937 764 1983 cm·
794 1914 1059 1984 faciam.
1166 1914 1261 1984 vt
1287 1911 1474 2004 quod
1502 1920 1604 1981 est
1633 1913 1702 1979 in
1737 1909 2183 1995 Prometheo,

627 2061 788 2139 ἀλλ’
823 2066 993 2139 οὔτε
1024 2065 1236 2161 σιγᾶν
1265 2063 1437 2138 οὔτε
1470 2058 1578 2158 μή
1616 2064 1829 2158 σιγᾶν
1856 2056 2077 2154 τύχας

628 2162 785 2241 οἶόν
812 2168 1055 2262 τέμοι
1083 2161 1288 2251 τοὶςδ’
1319 2167 1513 2257 ἐστι’,

422 2322 566 2414 quis
601 2323 693 2389 ita
728 2322 938 2410 dicat,
992 2320 1164 2396 οὔτε
1200 2318 1465 2417 σιγςὸμ’
1498 2320 1626 2405 ἅν,
1681 2316 1845 2392 οὔτ’
1873 2315 1961 2393 οὐ
1992 2317 2255 2417 σιγῷμ’
2286 2317 2438 2394 dv?
2486 2323 2632 2393 Ne-

420 2449 555 2516 que
587 2427 762 2493 enim
791 2425 954 2515 quid
981 2426 1269 2495 fortasse
1292 2426 1589 2494 facturus
1620 2424 1722 2510 sit,
1749 2422 1974 2492 dicere
1999 2425 2143 2493 vult
2169 2425 2633 2517 Prometheus,

421 2528 542 2597 sed
570 2552 645 2596 re
674 2552 834 2597 vera
860 2552 989 2598 nec
1016 2538 1241 2597 tacere
1272 2552 1345 2597 se
1379 2552 1506 2597 nec
1540 2550 1676 2595 non
1708 2535 1933 2595 tacere
1959 2527 2266 2595 iniuriam
2296 2551 2433 2618 qua
2460 2528 2633 2597 affe-

422 2622 697 2699 ctus'sit
740 2655 963 2723 posse.
1067 2631 1320 2701 Contra
1364 2630 1551 2721 quod
1600 2630 1833 2722 posuit
1869 2629 2258 2700 Herodotus
2306 2631 2422 2699 lv.
2460 2629 2631 2700 195.

425 2738 534 2832 εἴη
576 2730 652 2806 δ’
694 2734 785 2808 ἄν
821 2735 1005 2825 πᾶν,
1060 2732 1232 2807 ὅκου
1274 2733 1391 2807 καὶ
1418 2739 1496 2808 ἑν
1525 2727 1886 2827 Ζακύνθῳ
1923 2736 1997 2805 ἐκ
2034 2731 2277 2832 λίμνης
2313 2733 2431 2804 καὶ
2462 2731 2636 2807 ὕδα-

406 2862 546 2924 ,τος
593 2835 851 2934 πίσσην
898 2832 1451 2960 ἀναφερομένην
1493 2828 1714 2915 αὐτός
1760 2827 1896 2926 ἐγώ
1936 2833 2201 2929 αἵρεον,
2257 2858 2455 2903 nemo
2499 2860 2637 2906 non

423 2938 640 3027 videt,
692 2940 746 3008 si
804 2939 1073 3008 dixisset
1129 2943 1443 3012 ὃυνατον
1491 2943 1644 3012 ἐστι
1664 2989 1687 3020 .
1736 2938 1947 3005 multo
1995 2960 2149 3005 eum
2195 2937 2636 3009 confidentius

425 3042 667 3111 dixisse
701 3051 771 3111 et
784 3042 1085 3110 detracta
1114 3042 1439 3134 opinionis
1474 3041 1826 3121 modestia,
1857 3063 2061 3130 quam
2087 3063 2315 3130 quum,
2343 3052 2418 3109 ut
2449 3042 2632 3130 fecit,

423 3146 689 3238 opinari
746 3168 820 3213 se
870 3145 1217 3231 indicavit,
1281 3145 1482 3233 nihil,
1549 3143 1750 3212 certis
1795 3142 2068 3233 quidem
2120 3140 2636 3230 conditionibuS‚

423 3248 813 3317 incredibile
859 3271 1023 3317 esse.
1128 3247 1223 3315 Et
1260 3246 1396 3318 hoc
1439 3247 1717 3345 quidem
1759 3268 1975 3339 genus
2023 3247 2117 3314 ita
2160 3247 2389 3317 tritum
2419 3258 2521 3317 est
2567 3259 2638 3317 ut

426 3352 752 3445 exemplis
772 3356 917 3421 'non
945 3351 1262 3444 indigeat.

1450 3553 1598 3625 vn.

611 3702 615 3706 ’
711 3708 845 3780 De
896 3705 1319 3802 optativo
1372 3729 1560 3776 cum
1610 3705 1720 3780 ἄν
1759 3728 1937 3801 pro
1968 3702 2338 3798 futuro.

637 3858 813 3928 Cum
850 3859 991 3928 hoc
1023 3858 1396 3952 significatu
1440 3860 2004 3929 coniunctissimus
2043 3868 2143 3928 est
2190 3857 2355 3928 alius
2373 3910 2394 3946 ‚
2443 3860 2635 3952 isque

428 3968 564 4032 mm
607 3963 825 4038 minus
861 3963 1198 4053 frequens,
1278 3962 1458 4030 Nam
1501 3986 1676 4054 quae
1712 3964 2067 4056 opinamur
2104 3964 2384 4055 impleta
2413 3964 2636 4054 aliqua

431 4065 811 4135 conditione
850 4067 1029 4155 fieri,
1083 4067 1221 4134 sive
1250 4087 1425 4155 quae
1462 4075 1743 4158 possunt
1773 4067 1917 4135 fieri
1933 4117 1952 4153 ‚
2005 4089 2136 4157 per
2173 4089 2246 4134 se
2279 4068 2434 4159 ipsa
2474 4069 2634 4136 nulli

430 4176 581 4237 sunt
636 4172 926 4262 tempori
972 4169 1319 4238 adstricta:
1382 4171 1529 4238 sola
1582 4171 1758 4238 enim
1814 4169 1884 4237 in
1946 4170 2354 4262 cogitatione
2407 4180 2635 4240 nostra

430 4281 796 4343 versantur.
894 4274 1128 4362 ltaque
1160 4273 1284 4341 nisi
1323 4272 1566 4341 diserte
1599 4272 1691 4341 ad
1725 4273 2102 4363 praesentia
2131 4274 2239 4342 vel
2276 4274 2635 4366 praeterita

430 4375 810 4445 referuntur
827 4427 848 4464 ,
900 4385 1416 4447 consentaneum
1467 4384 1567 4445 est
1581 4425 1602 4462 ,
1639 4365 1727 4442 'ut
1742 4423 1762 4459 ,
1817 4376 2132 4465 quoniam
2184 4378 2279 4445 rei
2316 4400 2478 4446 vere
2523 4377 2631 4446 fa-
