3284 5159
554 436 657 498 88⁷
1281 427 1397 489 DE
1440 424 1991 489 PARTIchA
2035 421 2124 490 ἄν

564 619 772 713 Apud
800 619 1061 687 Atticos
1093 616 1266 685 haec
1291 581 2008 707 frequentissima'sunt
2022 667 2043 704 ,
2094 623 2170 684 ut
2196 612 2273 687 τί
2301 614 2417 710 (pai
2426 645 2450 696 ‚-
2499 616 2786 710 Euripi-

566 722 687 791 des
721 722 894 791 Heo.
929 714 1152 791 1⁰57.
1250 797 1273 830 's

542 905 551 912 ’
667 874 777 970 πᾷ
800 872 946 967 βῶς
995 871 1104 968 πᾷ
1131 870 1280 945 omi
1294 899 1323 962 ,·
1374 871 1482 968 πᾷ
1515 873 1733 946 κε’λσω
1749 898 1778 962 ,·

565 1023 909 1119 Aristoph.
939 1026 1116 1096 Rau.
1147 1023 1216 1094 l.

669 1180 844 1251 εἴπω
879 1206 958 1251 τι
990 1177 1138 1251 τῶν
1171 1170 1585 1269 εἰωθότωνς

565 1332 763 1399 Patet
800 1330 1181 1399 huiusmodi
1229 1331 1600 1400 orationem
1640 1330 2004 1436 ellipticam
2034 1351 2179 1398 esse
2194 1380 2213 1414 ‚
2266 1338 2343 1397 ut
2381 1329 2789 1422 intelligatur

566 1434 813 1504 nescio
842 1443 957 1501 aut
998 1433 1244 1504 nescio
1276 1457 1414 1518 an,
1465 1435 1575 1502 vel
1605 1421 1817 1502 simile
1852 1432 2036 1523 quid.
2141 1433 2374 1518 Quare
2405 1434 2457 1500 si
2485 1431 2621 1499 hoc
2658 1456 2789 1524 ge-

567 1560 691 1605 nus
730 1538 801 1604 in
857 1537 1132 1628 obliqua
1182 1538 1713 1629 interrogatione
1754 1543 2116 1634 usurpatur
2132 1585 2154 1622 ‚
2216 1535 2380 1613 nihil
2428 1535 2655 1602 differt
2699 1536 2788 1603 ab

566 1648 754 1708 recta
791 1640 1311 1732 interrogatione
1329 1686 1350 1724 ‚
1403 1648 1479 1707 ut
1514 1663 1717 1729 quam
1742 1638 1820 1707 're
1850 1661 2014 1705 vera
2042 1640 2264 1730 ipsam
2306 1660 2577 1727 quoque
2610 1638 2789 1705 obli-

568 1765 779 1832 quam·
813 1751 1052 1832 putare
1084 1751 1415 1834 oporteat.
1519 1742 1916 1811 Deliberare
1952 1750 2179 1809 autem
2204 1741 2369 1831 quid
2403 1740 2790 1809 faciendum

567 1847 687 1928 sit,
732 1854 812 1913 et
848 1845 918 1911 in
953 1847 1191 1913 nostris
1224 1846 1426 1913 rebus
1472 1853 1541 1913 et
1575 1845 1646 1912 in
1683 1845 1908 1913 alienis
1942 1866 2322 1936 possumus.
2423 1842 2622 1911 Vnde
2651 1844 2786 1911 hie

567 1939 1024 2016 coniunctivus
1061 1949 1355 2015 omnium
1382 1963 1826 2040 personarum
1854 1956 1994 2017 est.
2078 1947 2173 2015 Vt
2202 1947 2390 2038 quod
2417 1946 2601 2039 apud
2637 1947 2786 2015 Eu-

565 2051 857 2144 ripidem
890 2060 990 2119 est
1016 2051 1086 2118 in
1120 2049 1365 2120 Oreste
1401 2048 1572 2122 779.

673 2197 860 2277 ᾰλλοῖ
886 2199 1053 2300 δῆτ’
1081 2204 1316 2277 ἔλθω·
1285 2258 1312 2296 ,

572 2358 627 2426 si
653 2356 742 2424 de
776 2357 906 2427 alio
921 2407 942 2442 ‚
994 2358 1110 2445 qui
1151 2357 1510 2426 mittendus
1551 2363 1757 2445 esset,
1809 2356 2196 2446 loqueretur
2235 2353 2549 2446 OresteS,
2601 2365 2788 2424 recte

573 2459 847 2547 diceret,
877 2454 1063 2531 α’λλα
1100 2457 1268 2556 δῆτ
1288 2462 1500 2556 ἔλθῃς
1549 2461 1709 2528 Νοιι
1726 2460 1941 2527 minus
1971 2467 2178 2546 recte,
2208 2482 2266 2527 sl
2243 2458 2599 2551 Pylades,
2633 2460 2787 2547 qui-

572 2585 726 2630 cum
756 2562 1090 2652 loquitur,
1145 2571 1320 2633 esset
1368 2562 1763 2649 mittendus,
1827 2561 1986 2629 huic
2035 2562 2326 2645 diceret,
2388 2553 2572 2635 (ἑλλοὶ
2620 2557 2787 2654 δῆτ’

571 2664 824 2785 ἔλθῃςς
872 2664 1361 2734 Demosthenes
1397 2664 1484 2733 de
1519 2689 1658 2735 cor.
1682 2690 1753 2758 p.
1784 2662 1956 2754 268,
1988 2663 2107 2733 27.
2138 2662 2271 2761 ἤδη
2307 2659 2380 2737 δ’
2412 2664 2528 2737 ἐπὶ
2549 2664 2787 2736 ταῦτα

571 2792 1063 2861 πορευσομαι,
1132 2792 1496 2842 τοσουτον
1565 2762 1795 2841 αὐτῶν
1852 2760 2246 2888 ἐρωτήσας·
2323 2758 2639 2860 πότέρόν
2708 2767 2795 2839 σε’

569 2897 708 2951 τις,
757 2866 1102 2966 Αἰσχίνη,
1147 2869 1274 2963 τῆς
1301 2864 1567 2951 πόλεώς
1598 2864 1884 2991 exsto-‚0³2²
1899 2868 1947 2964 ἢ
1975 2863 2155 2962 ἐμόν
2190 2864 2377 2941 εἶναι
2402 2869 2543 2963 φῇς
2591 2867 2787 2935 Idem

570 2972 641 3040 in
681 2971 965 3044 Androt.
998 2996 1074 3064 p.
1104 2970 1277 3061 613,
1321 2971 1389 3041 3.
1444 2969 1606 3045 εἶτα
1650 2968 1884 3047 ταῦθ’
1919 2966 2132 3044 οὗτοι
2167 2968 2572 3043 πεισθωσιν
2607 2967 2788 3067 ὑπὲρ

573 3070 817 3146 αὐτῶν
860 3100 943 3146 σε
991 3080 1275 3164 ποιεῖν,
1327 3073 1446 3147 καὶ
1482 3068 1583 3148 τοῖ
1625 3075 1753 3168 ’τῆς
1801 3073 1925 3171 σῆς
1970 3065 2453 3169 α’ναισθησιας
2495 3100 2614 3144 και
2660 3098 2787 3143 πο·

572 3175 816 3270 νηριάς
862 3176 1036 3270 ἔργα
1085 3172 1207 3269 ἐφ’
1251 3170 1554 3258 ἑαυτους
1594 3173 2125 3260 οἷποὸἐξωνταις
2177 3176 2322 3245 Sed
2367 3173 2553 3267 quod
2599 3175 2786 3268 apud

571 3277 969 3370 Euripidem
995 3279 1281 3371 legitur,
1331 3280 1540 3353 Herc.
1574 3281 1705 3353 fur.
1745 3275 1968 3347 1417.

776 3456 922 3510 πως
959 3426 1090 3505 οὖν
1127 3432 1242 3506 ἔτ’
1279 3433 1476 3530 εἴπης
1508 3429 1628 3506 ὅτι
1667 3432 2161 3524 συνέσταλμαι
2195 3436 2477 3522 κακοῖς,

571 3605 812 3651 vereor
853 3592 929 3651 ut
962 3586 1260 3675 potuerit
1309 3611 1438 3679 pro
1494 3579 1749 3713 μηκέτ’
1795 3580 1925 3659 οὖν
1971 3587 2169 3681 εἴπῃς
2215 3584 2381 3672 dici,
2446 3592 2523 3652 ut
2561 3585 2785 3677 potius

575 3686 1005 3754 scribendum
1053 3688 1355 3757 videatur
1397 3690 1543 3769 πῶς
1595 3715 1727 3762 ουν
1778 3686 2107 3767 ἑνίπτεις.
2188 3686 2345 3755 Νοιι
2387 3688 2482 3754 ita
2517 3687 2587 3755 in
2621 3710 2785 3756 con—

574 3789 871 3857 iunctivo
924 3789 1344 3860 adhortativo
1360 3841 1381 3877 ‚
1453 3812 1863 3881 quamquam
1926 3792 1983 3859 is
2037 3789 2315 3882 proprie
2368 3789 2533 3856 nihil
2583 3789 2786 3874 aliud,

575 3913 781 3980 quam
818 3891 1294 3962 deliberativas
1344 3901 1467 3964 est.
1574 3891 1718 3962 Cur
1747 3915 1911 3961 vero
1926 3894 1962 3961 ἓ
2009 3892 2280 3982 Nempe
2311 3892 2403 3960 ob
2442 3891 2562 3960 id
2543 3915 2786 3985 ipsum,

442 3992 457 4004 '
576 3994 733 4082 quia
758 3996 1037 4088 proprie
1073 4004 1177 4064 est
1204 3996 1699 4065 deliberativas.
1800 3997 1979 4063 Nam
2003 3995 2453 4086 nosmetipsos
2487 3997 2651 4085 quid
2677 3996 2787 4063 fa-

581 4117 736 4164 cere
786 4107 1096 4188 oporteat
1144 4121 1351 4189 quum
1391 4100 1835 4167 deliberamus
1852 4152 1872 4189 ,
1922 4098 1990 4164 in
2031 4120 2116 4166 eo
2151 4120 2378 4167 sumus
2398 4146 2419 4183 ,
2470 4108 2547 4168 ιιι
2575 4099 2646 4166 ἰ(1
2687 4099 2786 4166 fa·

581 4200 866 4267 ciamus:
932 4223 1070 4290 quo
1138 4203 1249 4287 fit,
1317 4210 1393 4269 ιιι
1447 4202 1562 4269 hie
1615 4200 2084 4269 deliberativas
2149 4201 2601 4269 coniunctivus
2658 4199 2788 4268 ad-

579 4300 939 4390 hortationi
980 4302 1406 4373 adhibeatur:
1459 4325 1671 4394 quum
1692 4326 1855 4373 vero
1884 4296 2374 4393 deliberamus.
2426 4302 2590 4394 quid
2622 4303 2785 4371 alios

574 4404 804 4474 facere
838 4405 1222 4495 conveniat,
1274 4407 1443 4476 nihil
1488 4407 1655 4476 illud
1705 4407 1796 4476 ad
1834 4407 2104 4474 illorum
2131 4408 2545 4485 voluntatem
2573 4407 2786 4499 perti-
