3284 5159
1178 353 1353 418 LIB.
1400 350 1509 416 111.
1596 354 1892 423 CAR-1
1931 360 1995 424 8.
2280 429 2286 434 ,
2530 363 2659 428 lm

437 543 775 614 editorum
801 543 891 613 ad
912 543 1085 613 haec
1121 542 1329 612 verba
1355 541 1756 613 offendisse.
1804 540 1889 618 εὖ
1918 571 2059 638 γαρ
2089 547 2265 626 ἴση,
2321 576 2377 621 ω
2409 546 2655 674 Ἀθη..

435 654 666 736 ναῖοι,
722 644 844 720 ὅτι
884 644 943 741 ᾦ
974 651 1313 719 πλεῖστον
1355 647 1741 740 διαφέρετε
1780 673 1927 720 των
1974 645 2208 722 ἄλλων
2244 645 2657 771 α’νθρωπων

436 750 547 844 τῷ
597 744 774 846 πρός
828 776 912 822 τε
957 742 1128 829 τοιῗς
1178 741 1398 828 {hove
1453 744 1776 842 εὐσεβεῖν
1814 749 1937 821 και
1990 776 2168 847 προς
2213 777 2385 833 τους
2427 761 2657 849 γονεῖς

437 850 650 931 ὁσίως
698 851 817 924 καὶ
871 845 1051 946 πρός
1095 842 1230 946 τήν
1245 848 1590 974 πατρίδα
1642 849 2041 944 φιλοτίμως
2086 854 2313 943 ἔχειν,
2383 850 2655 931 τούτου

437 958 779 1028 πλεῖστον
833 950 1127 1047 ἀμελεῖν
1176 945 1458 1035 δόξοιτ’
1497 981 1632 1040 αν,
1687 954 1754 1029 εἰ
1799 948 1933 1043 τήν
1974 951 2157 1052 παρ’
2191 984 2402 1049 υμων
2443 955 2658 1041 οὗτος

411 1051 787 1152 διαφύγοι
822 1052 1203 1152 τιμωρίαν.
1306 1054 1390 1125 ld
1418 1054 1849 1125 scribendum
1886 1065 2057 1150 puto
2093 1052 2376 1143 δόξαιτ’
2405 1088 2513 1133 αν.

1462 1354 1644 1465 vui.

618 1584 756 1654 De
817 1581 1245 1678 optativo
1299 1602 1493 1649 cum
1542 1581 1652 1655 ἄν
1692 1604 1872 1677 pro
1910 1586 2465 1679 praeterito.

641 1772 796 1841 Alia
838 1793 1003 1840 vero
1050 1771 1118 1838 in
1158 1778 1540 1862 temporum
1582 1771 1843 1838 ratione
1883 1769 2211 1840 dubitatio
2245 1795 2395 1842 sese
2432 1773 2655 1863 offert,

438 1874 493 1943 si
532 1874 624 1944 de
657 1873 1118 1968 praesentibus
1159 1881 1229 1942 et
1266 1873 1646 1965 praeteritis
1688 1874 2045 1963 quaeritur.
2148 1875 2327 1944 Nam
2366 1878 2490 1945 etsi
2527 1903 2656 1951 m-

434 1973 733 2075 ποιήκοι
773 1976 866 2050 ἄν
894 1985 1128 2069 aperte
1157 1976 1499 2067 praeteriti
1532 1977 1856 2067 temporis
1897 1978 2307 2046 notationem
2343 1980 2655 2066 continet,

432 2089 665 2149 tamen
704 2080 842 2148 hoc
882 2101 1158 2169 quoque
1196 2100 1333 2146 non
1376 2079 1589 2146 minus
1617 2077 1709 2147 ad
1741 2078 2041 2148 futurum
2070 2079 2247 2148 trahi
2268 2089 2496 2173 potest
2511 2133 2532 2170 ,
2581 2095 2659 2152 ut

431 2183 693 2253 factum
718 2182 886 2273 quid
922 2182 1070 2251 fore
1106 2181 1548 2274 significetur,
1602 2204 1807 2271 quam
1832 2189 2039 2255 ποιοῖ
2066 2181 2160 2255 οἲν
2192 2191 2261 2250 et
2288 2176 2655 2280 ποιήσειεν

434 2284 548 2359 ἄν.
649 2285 746 2353 Ει
776 2294 1002 2353 tamen
1028 2284 1153 2353 ista
1185 2284 1407 2353 omnia
1442 2284 1644 2353 etiam
1672 2307 1809 2353 non
1839 2285 2048 2353 modo
2077 2287 2483 2376 prae‘sentiS‚
2535 2286 2657 2356 sed

435 2387 611 2458 adeo
640 2388 985 2479 praeteriti
1017 2387 1573 2478 significationem
1596 2387 1869 2456 habent.
1975 2388 2189 2456 Huius
2229 2390 2329 2457 rei
2356 2389 2527 2457 ratio
2562 2391 2656 2458 sic

437 2500 539 2560 est
562 2492 784 2560 animo
809 2489 1254 2562 informanda.
1335 2489 1575 2558 Manet
1616 2513 1739 2559 sua
1770 2491 2012 2580 cuique
2041 2492 2334 2583 tempori
2365 2493 2483 2560 vis,
2563 2491 2658 2560 Et

436 2595 718 2662 aoristus
748 2593 1023 2684 quidem
1053 2593 1393 2686 praeteriti
1426 2616 1634 2682 quum
1665 2593 1943 2684 proprie
1973 2592 2042 2661 id
2076 2594 2264 2683 quod
2296 2592 2655 2686 aliquando

433 2697 691 2765 factum
724 2698 808 2765 sit
840 2697 1196 2788 significet,
1246 2696 1638 2763 transfertur
1674 2695 1762 2764 ad
1794 2719 1876 2764 ea
1916 2697 2162 2784 omnia,
2215 2720 2389 2787 quae
2418 2698 2539 2765 ιιι
2520 2720 2655 2764 ram
2705 2774 2722 2793 ὁ

430 2799 749 2921 perfecta
781 2799 1063 2891 cogitari
1097 2799 1440 2881 volumuS‚
1494 2798 1632 2867 sive
1665 2822 1744 2866 ea
1774 2808 1925 2866 ante
1953 2798 2260 2890 perfecta
2297 2801 2460 2891 sint,
2513 2802 2653 2870 sive

433 2906 646 2988 nu'nc,
699 2901 838 2972 sive
877 2911 1157 2994 postero
1203 2910 1513 2994 tempore
1531 2949 1552 2986 ,
1604 2903 1697 2970 ita
1744 2910 2009 2987 tamen,
2063 2909 2139 2969 ut
2186 2924 2396 2992 quum
2439 2853 2534 2970 ’de
2574 2925 2653 2972 re

432 3013 793 3098 praesente
849 3005 962 3073 vel
1004 3006 1229 3073 futura
1279 3004 1552 3092 dicitur}
1593 3006 2082 3126 cogitationem
2120 3013 2379 3073 tantuin
2416 3005 2651 3097 perfe-

439 3109 671 3177 ctionis
711 3099 1069 3194 contineat,
1115 3107 1412 3198 ideoque
1444 3109 1611 3177 vel
1591 3131 1763 3200 ipse,
1813 3108 1981 3176 utin
2013 3108 2411 3200 imperativo
2440 3106 2601 3178 vel
2582 3132 2651 3177 ιιι

436 3212 739 3304 optativo
773 3232 930 3278 cum
962 3208 1094 3298 ἄν,
1149 3211 1630 3303 cogitationem
1660 3211 1929 3296 indicet,
1970 3211 2082 3279 vel
2114 3233 2199 3280 ex
2228 3213 2443 3279 verbo
2474 3235 2652 3303 pen-

436 3313 598 3393 deat
627 3334 765 3404 quo
794 3313 960 3403 quid
991 3312 1270 3407 cogitari
1305 3313 1734 3406 significetur.
1839 3313 2180 3402 Quoniam
2206 3323 2434 3383 autem
2475 3337 2652 3404 quae

434 3417 570 3485 iam
599 3415 910 3509 perfecta
950 3438 1101 3485 esse
1139 3417 1551 3509 cogitantur,
1603 3438 1817 3484 vacua
1847 3424 1999 3484 sunt
2044 3416 2316 3486 notione
2354 3417 2650 3511 durantis
2739 3449 2747 3455 ·

435 3519 618 3608 facti,
664 3541 1079 3609 consequens
1106 3527 1209 3587 est
1233 3541 1370 3587 non
1391 3541 1595 3611 posse
1624 3519 1928 3611 usurpari
1955 3520 2320 3605 aoristum‚
2335 3520 2462 3589 ubi
2485 3516 2651 3610 quid

435 3630 511 3692 ut
550 3621 851 3691 nondum
884 3622 974 3689 ad
1017 3622 1224 3693 finem
1261 3621 1704 3714 perductum,
1760 3622 2050 3712 ideoque
2091 3621 2203 3693 vel
2247 3620 2492 3691 durans
2519 3623 2647 3691 ad·-

434 3725 573 3794 huc
586 3775 608 3813 ‚
661 3725 770 3793 vel
798 3747 885 3793 ex
923 3724 1225 3794 eiusdem
1269 3724 1545 3793 actionis
1580 3724 1887 3813 noudum
1916 3724 2222 3793 absoluta
2249 3726 2648 3817 repetitione

438 3834 747 3896 constans
793 3828 1079 3922 cogitari
1111 3829 1418 3896 volumus
1435 3878 1456 3915 ,
1507 3828 1629 3897 sed
1659 3827 1749 3895 ad
1775 3851 1857 3897 ea
1891 3828 2229 3920 pertinere
2244 3878 2266 3918 ,
2318 3850 2494 3917 quae
2537 3828 2646 3898 vel

436 3931 628 4000 brevi
654 3939 996 4000 momento
1026 3931 1349 4023 temporis
1380 3930 1490 3999 vel
1532 3931 1742 3999 semel
1781 3930 1963 3999 facta
1993 3929 2440 4022 intelligimus.
2540 3931 2646 4001 lta

437 4041 632 4127 patet
645 4083 665 4119 ,
715 4055 988 4101 manere
1017 4034 1367 4126 propriam
1407 4033 1630 4102 aoristi
1669 4034 1805 4101 vim
1834 4033 1902 4100 in
1950 4034 2136 4101 omni
2174 4034 2314 4103 eius
2340 4056 2467 4103 usu
2481 4087 2503 4124 ‚
2555 4035 2641 4103 li-
2684 4068 2688 4074 ·

438 4144 549 4205 cet
597 4135 816 4227 prima
869 4137 1099 4229 specie
1141 4134 1602 4206 diversissimo.
1720 4136 1898 4204 Hinc
1939 4136 2097 4205 illae
2139 4135 2640 4207 observationes

437 4234 1030 4331 grammaticorum
1058 4240 1470 4309 verissimae:
1518 4237 1865 4332 Apollonii
1900 4237 1991 4307 de
2026 4240 2308 4331 Syntaxi
2349 4240 2469 4314 111.
2513 4238 2634 4313 24.

435 4365 512 4435 p,
551 4336 732 4409 251.‘
786 4338 996 4431 (253.
1032 4342 1294 4436 Bekk.)
1334 4340 1376 4415 ὁ
1406 4336 1545 4440 γοῖρ
1578 4335 2168 4439 ἀποφαινόμενος
2196 4339 2408 4430 οὕτω,
2458 4335 2637 4439 γρά-
