3284 5159
479 424 608 488 1⁰8
1151 418 1268 481 DE
1330 416 1868 480 PARTICVLA
1912 414 2006 482 ἄν

480 606 782 679 verbis
732 635 823 681 αν
846 607 1232 698 requirenti,
1251 631 1310 674 c.
1339 606 1646 699 Ctesiph.
1670 605 1791 695 22,
1821 606 1893 680 6.
1919 631 1992 728 p.
2022 605 2194 676 447.
2224 605 2433 699 (48⁰.
2470 601 2541 704 §.
2558 606 2679 678 66.

478 712 739 803 Bekk.)
814 708 1000 791 ὅςτις
1049 707 1237 783 οὕτω
1292 704 1693 799 διακειται,
1761 704 1948 806 μήτ
2010 704 2400 803 ἀπογνώτω
2459 712 2734 810 μηδὲν

479 816 659 911 μηδὲ
700 807 1177 905 καταγνώτω,
1242 812 1410 908 πρὶν
1452 806 1743 908 ἀκούσῃ.
1848 813 2207 883 verissima
2246 824 2349 883 est
2383 814 2557 883 enim
2592 815 2679 882 li-

477 917 757 986 brorum
784 917 1135 1006 scriptura‚
1176 938 1384 1005 quum
1409 916 1627 983 statim
1658 915 1951 984 dicturus
1981 917 2066 984 sit
2088 925 2312 989 orator
2335 918 2470 1001 illa,
2507 940 2684 1007 quae

483 1020 698 1088 audiri
737 1019 909 1087 vult.
960 1017 1035 1086 id
1082 1017 1269 1109 quod
1308 1018 1723 1109 apertissime
1756 1019 2134 1109 declarant,
2185 1043 2359 1110 quae
2395 1038 2689 1111 sequuw

481 1132 608 1190 tur.
710 1119 1100 1217 Herodotus
1142 1117 1471 1192 IV.157.
1516 1146 1601 1192 ου
1646 1148 1785 1217 γαρ
1831 1115 1919 1217 δή
1954 1147 2174 1241 σφεας
2213 1118 2411 1194 α’πιέι
2443 1120 2486 1195 o‘
2511 1116 2718 1202 θεας

479 1226 608 1321 τῆς
634 1221 983 1320 οἷποικιής,
1015 1223 1183 1319 πρὶν
1216 1215 1305 1317 δή
1340 1218 1739 1295 ἀπίκωνται
1779 1229 1846 1303 ἐς
1876 1217 2107 1319 αὐτην
2133 1218 2441 1320 Λιβυην.
2508 1227 2684 1293 Nam

481 1327 812 1413 Theraei,
865 1348 1034 1414 quos
1080 1326 1426 1393 oraculum
1475 1325 1769 1416 Libyam
1810 1334 2046 1417 petere
2100 1327 2425 1413 iussisset,
2477 1350 2685 1417 quum

482 1433 786 1499 Plateam
827 1428 1108 1496 insulam
1154 1451 1281 1521 per
1327 1428 1600 1518 aliquod
1640 1438 1905 1520 tempus
1951 1429 2341 1513 coluissent,
2391 1431 2686 1522 Libyam

483 1558 630 1604 esse
655 1533 803 1620 rati,
853 1532 1095 1600 iterum
1133 1532 1434 1599 consulto
1464 1532 1737 1599 oraculo
1769 1554 2166 1622 responsum
2196 1533 2502 1619 tulerant,
2555 1534 2684 1601 mi-

479 1660 631 1707 rum
656 1634 838 1721 esse,
892 1635 965 1722 si,
1019 1635 1133 1725 qui
1162 1657 1296 1702 non
1321 1634 1633 1702 adiissent
1656 1635 1968 1725 Libyam,
2020 1636 2254 1703 melius
2284 1659 2433 1704 eam
2459 1637 2685 1727 Apol-

480 1743 614 1810 line
668 1746 955 1807 nossent.
1059 1738 1297 1825 Itaque
1356 1759 1472 1805 eos
1518 1738 1745 1828 coegit
1778 1738 2030 1827 Apollo
2078 1739 2299 1828 ipsam
2358 1760 2686 1827 quaerere

479 1845 804 1932 Libyam:
859 1839 1046 1929 quod
1069 1840 1362 1908 indicare
1383 1842 1615 1908 volens
1637 1840 2055 1925 Herodotm,
2089 1841 2306 1908 omisit
2335 1840 2448 1922 ἄν,
2480 1864 2688 1931 quam

477 1945 875 2040 particulam
929 1944 983 2010 si
1027 1941 1394 2011 addidisset
1412 1991 1433 2027 ,
1504 1943 1941 2034 significasset
1998 1965 2135 2010 non
2195 1952 2347 2010 ante
2391 1966 2505 2011 eos
2563 1966 2684 2011 co-

479 2049 701 2119 loniae
745 2045 1183 2114 deducendae
1229 2047 1617 2115 necessitate
1664 2045 2017 2112 liberatum
2053 2046 2133 2114 iri
2149 2096 2169 2132 ,
2223 2068 2426 2134 quam
2474 2069 2685 2135 quum

478 2154 655 2221 forte
683 2150 977 2239 Libyam
1008 2150 1355 2217 venissent.
1438 2150 1594 2216 Non
1625 2150 1841 2215 minus
1870 2150 2177 2216 accurate
2205 2149 2390 2217 idem
2416 2149 2531 2216 vl.
2561 2147 2682 2219 82.

485 2247 666 2381 πρός
700 2280 797 2326 ων
842 2252 1080 2324 ταῦτα
1119 2248 1207 2325 οὐ
1238 2251 1558 2324 δικαιεῦν
1591 2276 1853 2344 πειραν
1896 2250 2024 2347 τῆς
2067 2249 2343 2340 πόλιος,
2396 2251 2566 2346 πρίν
2606 2279 2687 2342 γε

484 2351 577 2484 δη
605 2360 828 2451 ἱροῖσι
866 2348 1220 2473 χρήσηται
1252 2352 1370 2424 καὶ
1399 2348 1654 2447 μάθῃ,
1709 2356 1855 2425 εἰτε
1883 2359 1955 2424 οἱ
1991 2350 2033 2424 ὁ
2063 2347 2235 2433 {hoc
2263 2356 2685 2449 παραδιδοῖ,

483 2463 632 2534 εἴτε
692 2462 763 2528 οἱ
791 2448 1151 2577 „fiuaodwv
1191 2460 1460 2551 ἕστηκε.
1564 2456 1801 2548 Pergit
1866 2455 2072 2523 enim:
2124 2458 2684 2549 καλλιερευμένῳ

426 2644 433 2651 ,
482 2562 562 2636 δὲ
599 2566 677 2633 ἐν
715 2558 821 2653 τῷ
844 2556 1133 2653 Ἡραίῳ
1175 2562 1248 2630 ἐκ
1289 2558 1429 2629 τοῦ
1469 2550 1887 2649 αγαλματος
1916 2585 2060 2628 των
2091 2560 2417 2652 στηθέων
2449 2553 2682 2652 φλόγα

479 2689 703 2759 πνρας
737 2655 1133 2752 ἐκλάμψαι·
1186 2665 1461 2750 μαθεῖν
1512 2662 1587 2733 δὲ
1622 2652 1840 2740 αὐτοὶ
1873 2656 2063 2731 οὕτω
2107 2654 2239 2756 τήν
2268 2656 2714 2784 α’τρεκηῖηνν

480 2765 601 2841 ὅτι
633 2761 762 2837 οὐκ
799 2763 1025 2882 αἱρέει
1055 2789 1143 2834 το
1180 2758 1468 2857 ”Αργος.
1565 2763 1620 2836 1.
1665 2759 1784 2827 32
1820 2765 2050 2839 ἐκεῖνο
2084 2762 2158 2833 δὲ
2194 2789 2281 2834 το
2328 2757 2521 2881 εἴρεό
2564 2791 2682 2850 με,

480 2867 668 2942 οὔκω
710 2892 785 2939 σε
824 2858 964 2957 ἐγω
1002 2867 1215 2956 λέγω,
1267 2862 1435 2959 πριν
1466 2858 1996 2960 τελευτήσαντα
2030 2863 2254 2943 καλως
2284 2890 2418 2936 τον
2454 2864 2683 2936 αἰῶνα

479 2965 858 3059 πύθωμαι.
927 2967 1174 3035 Nescio
1205 2989 1289 3034 an
1314 2969 1561 3037 rectius
1585 2967 1677 3034 ita
1710 2965 1912 3038 codd.
1945 2965 2219 3053 quidam
2253 2976 2319 3033 et
2348 2966 2683 3034 Stobaeus

482 3073 630 3144 CV.
672 3069 793 3139 63.
840 3092 1043 3159 quam
1085 3071 1339 3161 vulgati
1388 3096 1555 3163 πριν
1607 3097 1721 3142 αν.
1827 3067 2094 3137 Omissa
2134 3068 2312 3135 enim
2355 3068 2685 3161 particula

480 3197 708 3245 sensus
744 3181 880 3259 est,
935 3181 1086 3241 tum
1118 3174 1406 3240 demum
1439 3182 1509 3241 te
1541 3170 1832 3240 beatum
1858 3167 2336 3262 praedicabo.
2439 3173 2533 3240 At
2561 3194 2682 3239 eo-

480 3280 639 3346 dem
683 3277 906 3366 capite
948 3276 1179 3365 paullo
1217 3284 1410 3366 post.
1464 3278 1534 3348 εἰ
1574 3275 1651 3347 δὲ
1689 3266 1865 3367 πρὸς
1892 3266 2270 3393 τούτρισιν
2301 3276 2410 3346 ἔτι
2438 3281 2684 3346 τελευ-

479 3375 686 3476 τήσει
721 3372 853 3450 τόν
893 3378 1058 3469 βίον
1102 3405 1210 3465 ευ,
1268 3374 1477 3455 οὗτος
1519 3381 1779 3453 ἐκεῖνος
1822 3401 1955 3445 τον
2012 3402 2097 3446 συ
2142 3382 2383 3472 ζητεῖς,
2440 3375 2683 3468 ὄλβιος

479 3482 870 3576 κεκλῆσθαι
902 3473 1096 3560 αξιός
1129 3484 1321 3551 ἐστι·
1373 3476 1539 3595 πρὶν
1580 3473 1653 3550 δ’
1700 3505 1789 3549 αν
1824 3470 2249 3572 τελευτήσῃ,
2303 3479 2679 3565 ἐπισχεέιν,

477 3585 660 3680 μηδὲ
687 3585 966 3655 καλέειν
997 3608 1091 3652 κω
1125 3578 1408 3673 ὄλβιον,
1449 3575 1608 3652 αλλ’
1648 3576 1969 3667 εὐτυχέα.
2073 3578 2397 3646 Additum
2432 3578 2543 3647 hic
2584 3586 2688 3646 est

481 3686 607 3769 ἄν,
659 3685 812 3775 quia
856 3706 1084 3751 seusus
1123 3694 1222 3750 est
1261 3683 1403 3751 nisi
1445 3705 1660 3774 quum
1713 3678 1986 3748 obierit.
2088 3681 2267 3748 Nam
2299 3682 2456 3767 etsi,
2505 3692 2576 3749 ut
2614 3683 2682 3749 in

476 3790 706 3880 priore
743 3787 973 3854 huius
987 3786 1219 3876 capitis
1265 3787 1453 3870 loco,
1502 3808 1577 3852 re
1617 3786 1767 3876 ipsa
1805 3782 2087 3874 perinde
2115 3794 2216 3851 est
2252 3793 2476 3852 utrum
2514 3783 2681 3877 πρὶν

476 3885 829 3979 πύθωμαι
876 3911 959 3955 an
1004 3887 1170 3981 πρὶν
1226 3887 1316 3959 ἄν
1365 3880 1720 3977 πύθωμαι
1764 3885 1982 3971 dicas,
2055 3895 2280 3954 tamen
2344 3886 2681 3979 cogitandi

476 3992 684 4060 modo
745 3991 920 4058 haec
977 3990 1175 4058 valde
1233 3989 1496 4056 diversa
1548 3997 1733 4057 sunt:
1835 3989 2120 4056 alterum
2193 3990 2369 4057 enim
2424 3998 2680 4056 certum

480 4105 613 4178 est,
687 4093 1035 4184 quamdiu
1089 4113 1233 4159 non
1275 4113 1724 4183 cognovero:
1795 4091 2078 4158 alterum
2115 4091 2476 4173 incertum,
2539 4089 2682 4156 πῖθι·

481 4219 698 4288 quum
748 4216 1177 4286 cognovero.
1286 4194 1557 4278 Quare,
1637 4202 1710 4260 ιιι
1755 4215 1959 4282 supra
2011 4193 2354 4277 dicebam,
2406 4214 2540 4259 non
2579 4202 2681 4258 est

476 4301 751 4383 mirum,
829 4298 945 4365 ubi
1002 4296 1092 4365 ad
1147 4320 1295 4364 rem
1343 4297 1503 4364 nihil
1556 4295 1843 4374 intersit,
1925 4292 2107 4362 idem
2173 4296 2418 4365 utrovis
2471 4293 2679 4359 modo

477 4402 626 4470 dici.
745 4400 848 4467 Ita
904 4400 1075 4468 haec
1134 4400 1283 4490 ipsa
1348 4398 1663 4465 sententia
1684 4446 1703 4481 ‚
1788 4418 1962 4484 quae
2036 4403 2135 4463 est
2199 4396 2409 4493 apud
2450 4395 2677 4462 Hero-
