3284 5159
598 415 688 482 zo
1282 411 1403 470 m:
1459 407 2009 472 PARTmVLA
2051 404 2147 473 ἂν

607 603 822 697 Greg.
853 601 1010 674 Cor.
1038 625 1111 696 p.
1141 597 1265 670 66.
1316 600 1387 671 N
1387 600 1705 670 ominavit
1727 608 1956 670 tamen
1978 547 2257 676 eosdem
2280 600 2504 672 Astius
2535 602 2627 672 ad
2654 601 2822 673 Pla-

597 718 834 798 “tonem
866 706 957 774 de
988 707 1214 798 Legg.
1257 726 1332 797 p.
1377 702 1550 772 358.
1653 704 1840 774 Addi
1881 713 2166 796 possunt
2196 703 2447 774 Coraes
2485 707 2574 774 ad
2614 707 2823 778 Isocr.

603 835 677 904 p.
706 805 877 879 155.
907 818 975 878 et
1011 807 1397 878 Lobeckius
1430 807 1520 876 ad
1552 807 1808 898 Phryn.
1834 831 1908 899 p.
1938 804 2111 875 733.
2150 830 2292 897 seq.
2396 808 2542 878 Sed
2569 813 2822 882 rectius

608 912 1304 984 commemorabuntur
1321 910 1757 979 Heindorfius
1785 910 1875 978 ad
1900 910 2196 978 Platonis
2215 910 2566 981 Phaedon.
2595 937 2670 1006 Ρ.
2693 912 2817 984 22.

605 1026 674 1087 et
701 1016 1050 1085 Werferus
1076 1016 1145 1083 in
1172 1015 1361 1083 Actis
1391 1012 1663 1082 Monac.
1698 1014 1750 1083 l.
1776 1036 1850 1105 Ρ.
1891 1011 2060 1080 103.
2092 1011 2265 1084 248.
2298 1012 2471 1083 252.
2556 1016 2823 1101 Quibus

602 1121 721 1211 qui
748 1142 965 1211 nuper
995 1119 1277 1186 accessit
1307 1118 1647 1209 Reisig-ius
1679 1117 1748 1184 in
1779 1117 2341 1186 commentatione
2369 1118 2461 1187 de
2488 1121 2823 1212 particula

605 1223 697 1297 ἄν
733 1246 807 1314 Ρ.
845 1219 967 1292 99.
1017 1245 1156 1310 seq.
1194 1243 1404 1311 quum
1444 1220 1513 1288 in
1555 1221 1850 1290 animum
1882 1218 2281 1304 induxisset,
2330 1224 2661 1313 particula
2702 1224 2822 1291 illa

601 1326 950 1394 veritatem
979 1325 1074 1393 rei
1105 1325 1334 1392 extolli
1362 1323 1610 1415 potius,
1662 1345 1869 1412 quam
1892 1321 2198 1415 deprimi,
2241 1323 2390 1390 fieri
2413 1347 2549 1393 non
2576 1326 2819 1417 potuit,

602 1429 766 1520 quin
794 1428 1158 1519 proferret,
1191 1450 1369 1516 quae
1393 1449 1635 1495 vereor
1663 1434 1739 1492 ut
1767 1425 1990 1493 multis
2017 1426 2442 1516 persuadeat.
2488 1427 2819 1498 Indicabo

601 1532 900 1625 primum
944 1530 1200 1620 aliquot
1226 1531 1434 1624 ¹locos
1472 1530 1846 1598 adiectione
1873 1524 2249 1619 particulae
2278 1530 2390 1597 vel
2418 1531 2505 1598 ab
2532 1532 2817 1600 librariis

602 1635 770 1703 vela
798 1633 1038 1702 criticis
1071 1633 1497 1725 depravatos.
1527 1633 1728 1701 Arist.
1756 1631 1933 1701 Ach.
1965 1628 2137 1699 392.
2176 1632 2303 1702 Av.
2322 1630 2499 1702 832.
2530 1634 2813 1725 Lysistr.

599 1733 775 1806 542.
791 1737 879 1805 de
894 1759 1031 1827 quo
1045 1737 1198 1805 loco
1215 1734 1370 1804 vide
1386 1736 1763 1828 Reisigium
1777 1759 1849 1826 p.
1870 1733 2042 1808 101.
2066 1734 2213 1803 etin
2231 1733 2531 1804 Coniect.
2545 1760 2619 1829 p.
2639 1735 2814 1811 177.

599 1839 773 1909 188.
818 1863 899 1909 ac
941 1862 1063 1908 nos
1105 1839 1196 1908 ad
1234 1837 1410 1908 Oed.
1456 1838 1605 1910 Col.
1638 1836 1861 1906 1454.
1912 1838 2170 1908 Platon.
2203 1838 2495 1907 Phaedr.
2536 1863 2609 1932 p.
2640 1838 2813 1909 231.

595 1942 685 2015 D.
716 1941 1115 2034 Antiphont.
1145 1965 1216 2034 p.
1247 1940 1371 2011 34.
1426 1938 1634 2031 (6Ί4.
1672 1940 1939 2031 Reisk.)
2004 1940 2214 2032 Apud
2241 1941 2613 2011 Isocratem
2640 1967 2817 2033 quae

599 2047 911 2142 exempla
942 2054 1231 2132 exstant,
1284 2068 1491 2136 quum
1526 2046 1595 2113 in
1638 2044 1791 2112 cod.
1823 2044 2058 2113 Vrbin.
2090 2044 2314 2112 omnia
2360 2047 2621 2115 sublata
2666 2048 2813 2135 sint,

598 2150 891 2219 dubitari
913 2157 1140 2240 potest
1174 2172 1262 2216 an
1293 2149 1364 2216 id
1389 2148 1841 2240 grammaticis
1865 2155 2221 2239 acceptum
2241 2148 2555 2237 feramus,
2604 2173 2816 2242 prae-

578 2253 828 2330 ⁴sertim
857 2275 1064 2342 quum
1093 2251 1312 2320 codex
1343 2252 1455 2319 ille
1474 2252 1653 2343 ipsas
1671 2250 1985 2319 exhibeat
2010 2251 2528 2342 subscriptiones
2559 2275 2814 2340 eorum,

480 2419 485 2424 .
595 2356 713 2446 qui
753 2355 1086 2424 orationes
1128 2356 1286 2424 istas
1325 2355 1872 2446 recognoverint:
1924 2353 2081 2420 vide
2107 2353 2412 2422 Bekkeri
2456 2354 2818 2425 editionem

514 2449 519 2454 ’
594 2483 669 2552 Ρ.
710 2458 826 2528 15.
868 2457 986 2529 31.
1020 2455 1192 2530 2ΊΊ.
1225 2454 1398 2525 29Ί.
1432 2456 1601 2526 312.
1636 2455 1813 2528 401.
1882 2456 2027 2526 Sed
2057 2464 2423 2545 utcumque
2454 2458 2549 2526 illi
2576 2481 2813 2551 gram-

591 2563 819 2632 matici
834 2583 964 2653 pro
994 2583 1116 2630 suo
1146 2560 1420 2629 arbitrio
1434 2561 1818 2630 refinxerint
1842 2559 2227 2642 Isocratem,
2278 2557 2505 2629 tamen
2532 2563 2813 2652 quibus-

592 2653 754 2734 da'm
785 2666 1028 2733 saltem
1065 2665 1134 2731 in
1167 2664 1335 2732 locis
1369 2664 1694 2732 librorum
1730 2663 1871 2732 fide
1903 2664 2235 2754 expulisse
2275 2663 2469 2732 istam
2504 2672 2816 2734 constru-

497 2801 503 2807 ·
593 2770 884 2838 ctionem
923 2767 1276 2853 videntur,
1328 2775 1403 2834 ut
1441 2768 1511 2835 in
1543 2767 1802 2857 Areop.
1848 2761 1968 2838 35.
2005 2761 2077 2858 §.
2107 2762 2230 2835 89.
2257 2790 2331 2858 Ρ.
2362 2756 2536 2836 211.
2590 2765 2810 2858 (244.

589 2871 847 2965 Lang.)
901 2878 970 2939 et
1004 2870 1076 2938 in
1101 2869 1396 2960 Trapez.
1432 2868 1552 2937 21.
1585 2864 1658 2963 §.
1683 2866 1806 2937 51.
1831 2893 1904 2961 Ρ.
1933 2864 2104 2936 528.
2159 2866 2381 2961 (639)
2410 2869 2530 2939 ubi
2556 2870 2627 2939 in
2652 2865 2811 2940 ver-

542 3019 555 3036 .
591 2976 697 3044 bis
732 2966 1098 3068 γνώσεσθε
1131 2972 1222 3044 ἄν
1265 2971 1416 3043 cod.
1446 2971 1613 3040 Vrb.
1650 2971 1891 3039 omittit
1919 2973 2358 3063 particulam,
2411 2996 2587 3063 quae
2627 2972 2810 3043 unde

592 3087 742 3146 orta
770 3077 973 3144 fuerit
1007 3076 1062 3144 si
1108 3076 1372 3164 quaeris
1390 3123 1412 3160 ,
1463 3075 2012 3144 verisimillimum
2041 3082 2178 3163 est,
2233 3098 2444 3166 quum
2487 3087 2808 3147 consueto

591 3202 822 3250 errore
849 3186 1190 3247 exaratum
1217 3186 1390 3247 esset
1417 3176 1860 3270 γνώσεσθαι,
1908 3199 2114 3268 supra
2137 3187 2363 3247 autem
2392 3178 2808 3272 adscriptum

591 3310 656 3371 ε,
709 3283 866 3351 inde
907 3282 1263 3350 conflatum
1308 3304 1453 3350 esse
1483 3274 1894 3373 γνώσεσθαι
1927 3278 2040 3352 ἄν.
2119 3278 2414 3351 Omnino
2445 3290 2672 3351 autem
2696 3281 2807 3352 vix

590 3387 764 3455 ullus
792 3393 893 3455 est
920 3385 1238 3476 scriptor,
1276 3384 1347 3451 in
1379 3406 1516 3474 quo
1542 3406 1680 3452 non
1722 3383 2081 3473 aliquando
2114 3381 2206 3456 ἄν
2240 3385 2668 3456 librariorum
2691 3409 2805 3455 er-

588 3512 746 3559 rore
776 3490 888 3557 vel
911 3488 1168 3557 inscitia
1193 3510 1348 3555 cum
1373 3487 1603 3555 futuro
1633 3494 2088 3572 constructum
2114 3488 2511 3578 reperiatur.

798 3590 1220 3677 Quibusdam
1249 3612 1414 3658 vero
1441 3590 1512 3658 in
1535 3590 1699 3658 locis
1730 3612 1867 3659 non
1902 3598 2160 3658 tantum
2184 3591 2533 3659 tribuerim
2567 3598 2805 3661 aucto-

587 3694 763 3764 ritati
790 3694 1399 3788 grammaticorum,
1451 3700 1527 3762 ut
1553 3694 1629 3760 iis
1664 3693 1874 3792 sicubi
1901 3691 1993 3767 ἄν
2017 3716 2170 3762 cum
2198 3693 2425 3762 futuro
2456 3695 2804 3765 consocia-

589 3805 736 3866 tum
787 3797 1150 3866 correxisse
1181 3795 1536 3864 videantur
1550 3847 1571 3883 ,
1641 3797 1955 3863 continuo
1997 3797 2490 3865 assentiendum
2543 3806 2802 3891 putem.

589 3902 715 3971 Est
751 3910 976 3970 autem
1001 3899 1256 3991 duplex
1284 3899 1452 3967 ratio
1470 3947 1492 3985 ,
1546 3921 1681 3989 qua
1714 3897 1806 3972 ἄν
1835 3921 1989 3967 cum
2028 3898 2255 3967 futuro
2286 3901 2603 3993 coniungi
2634 3922 2802 3994 pos-

588 4004 676 4072 sit
693 4054 714 4091 ,
765 4027 902 4072 una
919 4057 940 4093 ‚
991 4026 1203 4094 quum
1230 4024 1393 4071 vere
1424 4002 1825 4070 construitur
1854 4024 2012 4070 cum
2035 4003 2153 4070 illa
2178 4003 2368 4071 verbi
2393 4003 2652 4085 forma3
2698 4003 2804 4071 al-

590 4113 772 4191 tera,
815 4129 1024 4196 quum
1051 4106 1472 4175 consociatur
1500 4105 1775 4195 quidem
1815 4105 2145 4197 particula
2175 4105 2441 4194 futuro,
2493 4105 2618 4176 sed
2660 4127 2802 4175 non

588 4216 663 4277 ut
693 4217 1071 4278 constructa
1111 4232 1264 4277 cum
1291 4230 1373 4276 eo
1404 4207 1738 4279 censenda
1762 4209 1864 4276 sit.

790 4312 1070 4381 Dicatur
1095 4313 1315 4403 primo
1349 4311 1439 4380 de
1481 4334 1564 4380 ea
1580 4365 1601 4401 ,
1647 4334 1823 4401 quae
1856 4333 2026 4381 verev
2049 4310 2452 4382 constructio
2480 4308 2803 4380 habenda

589 4419 710 4490 est..
811 4415 922 4486 Ac
960 4414 1129 4485 nihil
1169 4414 1459 4506 obstare,
1511 4415 1676 4508 quin
1702 4415 2029 4512 particula
2059 4412 2152 4491 ἂν
2182 4417 2254 4485 ἰιι
2284 4415 2661 4485 narratione
2699 4414 2800 4484 rei
