3284 5159
1250 453 1416 517 ms.
1457 452 1532 516 11.
1619 450 1812 516 cAP.
1854 456 1915 517 s.
1945 456 2009 518 o.
2597 452 2722 514 109
2809 425 2815 429 ’

507 648 777 732 dotum,
827 663 1036 734 quum
1077 665 1118 709 a
1150 643 1372 712 multis
1416 643 1850 734 scriptoribus
1879 642 2100 734 posita
2138 642 2262 728 sit,
2317 640 2428 708 alii
2461 639 2717 708 nudum

506 749 633 845 πρὶ
641 777 675 819 ν
714 753 1155 838 usurparunt,
1220 755 1295 813 ut
1355 746 1716 836 Dionysius
1777 753 2094 836 tyrannus
2112 796 2132 831 ‚
2202 744 2586 837 Sophocles
2647 746 2716 812 in

509 851 835 942 Tyndaro
852 900 873 939 ‚
947 849 1190 917 idem
1169 872 1240 916 m
1298 849 1564 938 Tereo,
1617 848 1978 940 Euripides
2038 848 2109 914 in
2170 846 2425 917 Cressis
2443 900 2465 938 ‚
2531 847 2716 938 apud

509 954 882 1024 Stobaeum
911 950 1055 1024 CV.
1099 950 1167 1024 2,
1202 950 1272 1024 3,
1310 950 1432 1025 21,
1466 903 1588 1024 26.
1621 975 1908 1042 quorum
1937 951 2105 1018 illud
2135 973 2218 1019 ex
2258 952 2487 1020 Tereo
2522 952 2716 1019 Plut-

509 1056 799 1125 archus
780 1079 851 1124 ιιι
879 1054 1090 1123 Dictis
1123 1078 1362 1148 regum
1393 1078 1463 1146 p.
1499 1053 1673 1128 184.
1702 1055 1789 1129 B.
1825 1055 1912 1122 ab
1938 1054 2245 1123 Eumene
2271 1055 2365 1123 ita
2392 1063 2717 1123 mutatum

509 1160 741 1246 affert,

566 1297 575 1313 '
712 1289 819 1393 μή
872 1293 1133 1368 σπεῦδε
1183 1294 1455 1391 γῆμαι,
1509 1295 1683 1394 πρὶν
1732 1289 2249 1393 τελευτήσαντ’
2301 1295 2497 1393 ἴδης,

511 1433 620 1501 alii
659 1431 1174 1503 autemjbidem
1209 1431 1294 1503 fr.
1337 1430 1455 1498 14.
1502 1430 1620 1500 38.
1663 1431 1829 1529 πρὶν
1873 1432 1964 1505 ἂν
2013 1433 2241 1500 dixere
2260 1482 2278 1512 ,
2330 1432 2717 1501 nominatim

510 1536 870 1628 Euripides
911 1534 979 1601 in
1026 1534 1506 1603 Andromacha
1536 1560 1597 1608 V.
1644 1534 1817 1608 101.
1859 1544 1927 1604 et
1956 1534 2335 1626 Sophocles
2370 1535 2439 1602 in
2462 1535 2718 1625 princi-

510 1639 628 1730 pio
661 1637 1193 1708 Trachiniarum.
1274 1638 1453 1704 Hinc
1495 1638 1776 1706 iudicari
1804 1640 2053 1730 poterit
2092 1638 2181 1705 de
2210 1637 2313 1705 his
2344 1638 2533 1728 apud
2566 1639 2718 1706 He-

512 1740 827 1809 rodotum
864 1741 918 1813 l.
953 1762 1104 1830 cap.
1138 1739 1308 1812 197.
1358 1741 1522 1837 σιγῇ
1554 1742 1630 1813 δὲ
1670 1745 2138 1836 παρεξελθεῖν
2173 1733 2307 1812 τόν
2343 1735 2719 1832 κάμνοντα

513 1842 606 1918 οὔ
645 1869 776 1937 σφι
828 1845 1094 1931 ἔξεστι,
1147 1842 1318 1936 πρίν
1358 1842 1449 1914 ἄν
1497 1842 1871 1940 ἐπείρηται
1921 1840 2177 1936 ἥντινα
2224 1842 2486 1914 νοῦσον
2531 1844 2717 1932 ἔχει·

513 1954 583 2015 et
625 1970 777 2038 cap.
821 1943 993 2017 198.
1044 1943 1293 2065 ἄγγεος
1333 1939 1471 2040 γοῖρ
1519 1941 1807 2025 οὐδενός
1835 1941 2158 2038 αψονται
2202 1944 2373 2039 πρὶν
2406 1942 2496 2017 οἷν
2539 1942 2719 2017 λού-

516 2074 805 2121 σωνται.
905 2048 986 2116 In
1031 2046 1263 2139 primis
1295 2057 1518 2117 autem
1547 2057 1783 2139 aperta
1828 2057 1988 2139 apte
2034 2046 2247 2115 additi
2286 2044 2377 2118 οἷν
2410 2048 2721 2139 exempla

513 2160 664 2219 sunt
706 2152 777 2218 in
808 2146 949 2236 his,
1001 2152 1057 2224 Ι,
1107 2149 1226 2218 82.
1261 2144 1692 2239 ἐποιήσαντο
1736 2145 1967 2243 νόμον
2000 2177 2083 2222 τε
2111 2148 2229 2221 καὶ
2260 2143 2582 2270 κατάρην
2615 2175 2717 2244 μη

512 2248 874 2348 πρότερον
904 2254 1215 2350 θρέψειν
1250 2247 1474 2375 κόμην
1502 2248 1851 2379 Ἀργείων
1878 2254 2177 2349 μηδένα,
2230 2252 2409 2369 μηδὲ
2436 2247 2567 2331 τοῖς
2593 2279 2721 2345 γυ-

513 2350 763 2435 ναῖκάς
806 2382 937 2449 σφι
980 2349 1598 2475 χρυσοφορήσειν,
1653 2354 1822 2451 πρὶν
1852 2353 1942 2428 οἷν
1990 2356 2266 2477 Θυρέας
2297 2347 2725 2427 οἷνασωσων-

512 2486 661 2531 ται.
766 2459 859 2525 Et
911 2481 1062 2588 cap.
1119 2457 1287 2525 140.
1337 2481 1426 2538 ως
1483 2485 1568 2529 ου
1622 2453 1981 2554 πρότερον
2033 2451 2409 2529 θάπτεται
2464 2448 2726 2553 οἷνδρός

517 2562 813 2657 Πέρσεω
845 2558 888 2631 o‘
925 2564 1148 2647 νέκυς
1202 2560 1373 2652 πριν
1405 2589 1496 2633 αν
1536 2587 1635 2632 υπ
1714 2558 2014 2653 ὄρνιθος
2042 2558 2089 2654 ἢ
2120 2551 2328 2637 κυνός
2362 2557 2725 2656 ελκυσθῆ-

517 2691 658 2736 ναι.
761 2663 945 2730 Nihil
980 2664 1155 2732 enim
1190 2664 1432 2745 refert,
1485 2662 1938 2730 coniunctivus
1979 2684 2067 2728 an
2099 2661 2453 2729 infinitivus
2485 2661 2725 2730 adiun-

514 2774 736 2858 gatur.
842 2760 1258 2837 Et01.59.
1312 2763 1527 2892 ημεῑς
1555 2765 1631 2836 δὲ
1671 2762 2168 2856 δειμαίνοντες
2205 2790 2340 2860 την
2384 2765 2727 2856 Περσέων

517 2863 859 2959 δύναμιν,
909 2895 1044 2940 τον
1077 2870 1311 2988 ἱκέτην
1339 2872 1406 2946 ές
1436 2858 1607 2938 τόδε
1637 2861 1725 2937 ου’
1759 2859 2306 2993 τετολμήκαμεν
2338 2859 2725 2955 ἐκδιδόναι,

515 2971 686 3065 πρὶν
750 2996 842 3041 αν
907 2997 993 3042 το
1071 2963 1220 3041 α’πο
1278 2969 1405 3041 σεῦ
1444 2966 1617 3062 ἡμῖν
1669 2966 1961 3063 δηλωθῇ
2024 2963 2371 3063 α’τρεκέως
2415 2962 2725 3060 οκότερα

515 3073 894 3163 ποιέωμεν.
963 3071 1330 3140 Aeschines
1362 3080 1595 3139 contra
1613 3069 1919 3161 Ctesiph.
1950 3067 2073 3160 86,
2101 3068 2172 3142 4,
2207 3093 2278 3161 p.
2309 3067 2481 3137 628.
2493 3064 2725 3160 (560,

517 3169 588 3269 §.
626 3172 831 3264 236.)
886 3169 974 3246 οὐ
1004 3169 1378 3297 μέμνησθ
1415 3170 1537 3246 ὅτι
1584 3168 1813 3252 ουδεὶς
1848 3170 2141 3244 πω’ποτε
2190 3174 2498 3246 επέθετο
2541 3166 2731 3269 πρό-

517 3303 735 3370 τερον
763 3276 858 3372 τῇ
883 3276 1021 3349 τοῦ
1045 3264 1279 3371 δημου
1309 3268 1720 3359 καταλύσει,
1775 3273 1943 3371 πρὶν
1978 3273 2070 3348 ἄν
2097 3273 2311 3367 μείζω
2343 3302 2491 3348 των
2526 3277 2729 3348 δικα-

519 3378 825 3476 στηρίων
868 3372 1136 3474 ἰσχύσῃ.

1562 3533 1680 3600 ΙΧ.

522 3665 652 3737 De
705 3672 854 3747 ἕως
909 3667 1328 3760 aliisque
1378 3668 1615 3736 idem
1669 3666 2476 3761 significantibus
2507 3690 2730 3761 par-

1000 3787 1332 3857 ticulis
1387 3811 1579 3878 cum
1641 3788 2252 3857 coniunctivo.

683 3976 687 3980 .
725 3923 989 3991 Eadem
1015 3926 1219 4017 plane
1249 3927 1415 3993 ratio
1446 3934 1547 3993 est
1575 3925 1942 4016 particulae
1977 3930 2101 4004 ἕως
2131 3934 2199 3992 et
2229 3923 2555 3995 similium.
2606 3924 2734 3993 His

521 4047 816 4114 quoque,
869 4030 1186 4118 quoniam
1220 4030 1539 4121 exiguum
1571 4029 1926 4096 discrimen
1948 4039 2047 4095 est
2075 4035 2143 4093 et
2166 4028 2568 4117 plerumque
2598 4050 2736 4094 non

519 4128 750 4219 magni
780 4130 990 4199 refert
1026 4140 1175 4200 utro
1202 4132 1409 4199 modo
1444 4132 1589 4221 quis
1623 4132 1958 4220 loquatur,
2013 4130 2206 4196 adiici
2239 4129 2383 4197 fere
2422 4130 2593 4197 solet
2621 4127 2736 4215 ἄν,

518 4233 916 4321 praesertim
946 4256 987 4300 a
1026 4257 1275 4325 prosae
1307 4234 1618 4302 orationis
1660 4232 2115 4324 scriptoribus,
2216 4232 2361 4301 Sed
2403 4232 2601 4299 facile
2626 4239 2733 4298 ta-

521 4355 680 4400 men
727 4336 968 4404 sentias
987 4389 1006 4425 ‚
1074 4359 1220 4405 esse
1276 4337 1392 4404 ubi
1439 4338 1657 4429 aptius
1697 4337 2058 4403 omittatur.
2179 4335 2283 4402 Ita
2333 4335 2467 4402 iam
2526 4333 2772 4402 mori-·

521 4434 786 4506 bundus
817 4439 965 4529 quis
1011 4448 1195 4509 recte
1241 4439 1498 4509 diceret
1536 4440 1948 4508 adstantibus
1986 4439 2212 4506 amicis
2254 4435 2563 4530 μίμνετε
2607 4441 2734 4517 ἕως
