3284 5159
1228 463 1399 525 ιῐΒ.
1442 464 1552 530 111.
1642 464 1839 527 car.
1888 468 1951 532 2.
2553 414 2691 555 ὁιιιί

470 654 836 748 Κροῖσον,
892 652 1094 734 εἴπας
1122 583 1356 728 πολλοί
1383 682 1466 728 τε
1495 682 1614 728 και
1648 654 1864 748 ὄλβια
1883 702 1904 740 ,
1923 649 2289 779 ἐπηρώτα
2319 647 2488 725 τίνα
2526 646 2691 725 δεύ-

464 782 685 850 τερον
730 751 902 847 μετ’
950 761 1222 829 ἐκεῖνον
1263 759 1447 836 ἴδοι,
1518 761 1783 832 δοκέων
1833 751 2074 852 πάγχυ
2119 761 2494 851 δευτερεῖα
2543 755 2689 848 γῶν

465 860 828 932 οἱᾝσεσθαι
885 859 1227 952 Aristoph.
1257 861 1385 929 Av.
1419 859 1592 934 127.
1624 885 1710 931 ss.

442 1088 449 1093 .
568 1031 741 1101 ΕΠ.
795 1027 1015 1103 ποίαν
1044 1025 1196 1102 τίν
1227 1025 1359 1104 οὖν
1389 1027 1631 1120 ἥδιστ
1661 1029 1756 1105 ἄν
1786 1016 2066 1104 οἰκοῖτ
2085 1028 2178 1103 ἂν
2211 1022 2464 1111 πόλιν,
2449 1055 2467 1074 ·

569 1133 727 1204 ET.
795 1128 982 1204 ὅπου
1012 1160 1111 1205 τα
1138 1135 1449 1224 μέγιστα
1477 1126 1862 1260 πράγματ’
1892 1136 1998 1230 εἴη
2024 1131 2302 1207 τοιαδί

777 1233 891 1308 ἐπὶ
916 1261 1052 1330 την
1082 1229 1326 1333 θύραν
1349 1263 1501 1329 μου
1543 1230 1711 1335 πρρῖ
1739 1263 1850 1319 τις
1873 1229 2109 1310 ἐλθων
2137 1234 2287 1308 τῶν
2315 1232 2542 1330 φίλων

774 1338 967 1431 λέγοι
997 1337 1186 1411 ταδί.

671 1490 931 1575 Quarta
965 1488 1257 1582 denique
1291 1490 1514 1559 forma
1545 1500 1681 1579 est,
1732 1513 1868 1581 qua
1900 1491 2178 1582 quidam
2203 1499 2446 1583 putant
2481 1512 2683 1583 repe-

460 1592 955 1770 ἷιιῐὶοηιέηἰὲαοιί
982 1616 1112 1686 per
1145 1594 1519 1686 optativum
1560 1594 1935 1688 designari.
1986 1604 2063 1664 ut
2088 1595 2275 1689 apud
2304 1594 2683 1664 Homerum

571 1725 635 1791 Y·

671 1844 833 1922 ἀλλ’
868 1845 993 1923 ὅτε
1025 1842 1115 1947 δή
1140 1842 1543 1947 πολύμητις
1574 1846 1933 1935 drama&
1966 1842 2346 1931 Ὀδυσσεύς
2371 1898 2396 1941 ,

670 1943 1014 2041 στάσκεν,
1068 1948 1246 2026 ὑπαὶ
1282 1952 1359 2027 δὲ
1390 1955 1685 2028 ἴδεσκεν

463 2115 533 2172 et
569 2102 741 2174 232.

665 2251 970 2334 πολλάκι
1000 2285 1135 2353 μιν
1162 2257 1504 2345 ξείνισσεν
1533 2256 1920 2386 ἄρηιφιλος
1962 2257 2385 2348 Μενέλαος,

670 2364 840 2460 οἴκῳ
868 2367 945 2436 ἐν
980 2361 1306 2462 ἡμετέρῳ
1324 2419 1355 2454 ,
1409 2358 1636 2439 ὁπότε
1664 2358 2064 2463 Κρήτηθεν
2092 2370 2350 2436 ἵκοιτο.

463 2531 609 2602 Sed
639 2533 822 2600 illam
857 2534 1245 2625 opinionem
1287 2535 1526 2604 falsam
1565 2559 1751 2626 esse,
1802 2534 1936 2602 iam
1984 2533 2076 2602 ad
2115 2532 2347 2626 Viget.
2381 2555 2455 2626 p.
2499 2530 2675 2603 909.

461 2637 710 2709 monui.
775 2637 935 2704 Non
966 2638 1142 2706 enim
1162 2640 1291 2706 alia
1319 2640 1386 2707 in
1415 2639 1553 2708 hoe
1581 2662 1836 2732 genere
1863 2638 1961 2706 vis
1993 2646 2094 2706 est
2120 2637 2419 2730 optativi,
2471 2659 2680 2728 quam

462 2749 569 2826 ut,
639 2762 845 2829 quum
895 2739 1287 2810 indicativus
1329 2743 1419 2811 ad
1473 2753 1733 2811 certum
1776 2742 2033 2810 factum
2075 2749 2394 2833 spectet„
2437 2740 2509 2807 id
2546 2764 2681 2832 per

461 2843 834 2934 optativum
868 2843 1190 2912 reddatur
1219 2845 1579 2932 incertum,
1630 2845 1723 2914 ita
1758 2856 1834 2914 ut
1866 2844 2345 2936 quodcumque
2382 2842 2470 2911 de
2510 2845 2676 2935 plu-

460 2946 642 3014 ribus
669 2946 860 3014 factis
893 2948 1195 3040 cogitare
1224 2950 1386 3018 velis
1416 2949 1689 3023 indicet.
1794 2950 1974 3017 Nam
2004 2947 2319 3038 repetitio
2349 2969 2488 3015 non
2512 2955 2679 3038 pot-

463 3058 564 3116 est
602 3050 743 3131 ullo
778 3050 988 3121 modo
1024 3075 1156 3143 per
1190 3038 1563 3144 optativurn
1596 3052 1953 3146 significari
1968 3105 1991 3133 ,
2043 3049 2166 3119 sed
2213 3050 2387 3118 inest
2414 3050 2484 3117 in
2516 3072 2678 3118 ver-

460 3152 564 3219 bis
588 3200 609 3235 ,
670 3153 912 3242 quibus
957 3153 1068 3223 ille
1127 3155 1475 3225 adiunctus
1531 3165 1650 3224 est.
1754 3154 1952 3224 Vnde
2001 3153 2147 3222 fere
2190 3152 2301 3221 vel
2345 3148 2464 3226 αἐί
2474 3201 2497 3241 ,
2562 3153 2676 3221 vel

459 3248 798 3336 πολλάκις
825 3254 1165 3342 adiicitur,
1210 3261 1323 3328 vel
1362 3260 1648 3328 verbum
1675 3258 2068 3351 primarium
2107 3265 2340 3326 natura
2370 3278 2488 3324 sua
2530 3257 2679 3325 fre-—

462 3359 914 3448 quentativum
949 3370 1070 3444 est,
1120 3372 1196 3430 ut
1224 3356 1551 3446 στάσκεν,
1605 3365 1878 3435 ἴδεσκεν
1908 3362 1976 3429 ἰη
2002 3361 2212 3429 altero
2237 3361 2503 3429 illorum
2520 3360 2676 3428 Ho-

458 3462 627 3529 meri
641 3463 968 3550 locorum‚
1016 3464 1750 3555 innumerabilibusque
1781 3463 1965 3558 apud
1984 3463 2411 3532 Herodotum
2442 3485 2679 3532 exem-

456 3565 622 3656 plis,
674 3566 784 3633 vel
812 3565 1102 3655 denique
1131 3568 1329 3649 etiam
1358 3569 1832 3661 imperfectum
1859 3577 2130 3660 tempus
2158 3567 2349 3636 verbi
2374 3568 2680 3658 primarii-

458 3668 924 3759 repetitionem
964 3669 1126 3739 facti
1153 3671 1467 3742 continet.
1570 3672 1708 3739 Pro
1733 3695 1817 3740 eo
1857 3693 2175 3763 praesens
2201 3670 2412 3739 habet
2446 3670 2677 3738 Hero-

459 3769 739 3838 d‘otusl.
775 3770 894 3839 29.
950 3769 1419 3846 ἀπικνέονται
1451 3779 1518 3852 ἐς
1555 3767 1833 3862 Σάρδις
1874 3770 2332 3863 ἀκμαζούσας
2378 3765 2671 3863 πλούτῳ

459 3870 669 3944 ἄλλοι
700 3862 782 3945 τε
815 3879 888 3946 οἱ
914 3902 1178 3955 παντες
1209 3881 1284 3950 ἐκ
1326 3877 1461 4000 τῆς
1488 3874 1839 3957 Ἑλλάδος
1872 3873 2246 3969 σοφισταί,
2302 3881 2382 3947 οὶ
2400 3875 2672 3947 τοῦτον

456 3967 593 4046 τόν
634 3969 899 4069 χρόνον
941 3971 1341 4071 ετύγχανον
1382 3973 1663 4067 ἐόντες,
1719 4006 1807 4060 ως
1855 3984 2150 4058 ἕκαστος
2193 3972 2437 4049 αὐτῶν
2489 3973 2673 4049 α’πι-

454 4078 771 4167 κνέοιτο,
823 4078 945 4152 καὶ
975 4075 1064 4178 δή
1090 4081 1211 4154 καὶ
1238 4076 1516 4155 Σολων.
1582 4082 1766 4167 Quin
1795 4104 1882 4150 ne
1911 4081 2179 4149 omnino
2208 4080 2484 4170 quidem
2524 4103 2673 4148 rem
2726 4114 2733 4121 ·

455 4180 724 4272 saepius
772 4182 1023 4253 factam
1048 4185 1293 4278 respici
1325 4208 1599 4254 necesse
1635 4195 1771 4270 est,
1823 4184 1944 4253 sed
1975 4185 2130 4253 satis
2165 4193 2268 4253 est
2303 4184 2560 4252 factum
2598 4192 2673 4252 ut

456 4285 825 4377 cogitatum
860 4287 1389 4357 commemorari.
1494 4289 1610 4360 Sic
1638 4289 1832 4357 Iliad.
1861 4309 1938 4384 ψ.
1979 4287 2154 4361 494.

659 4456 782 4529 καὶ
814 4454 889 4532 δ’
915 4456 1105 4558 ἄλλῳ
1135 4460 1589 4556 νεμεσᾶτον,
1641 4457 1798 4543 ὅτις
1827 4453 2149 4534 τοιαῦτα
2175 4486 2255 4553 γε
2286 4457 2498 4554 ρ’έζοι.
