3284 5159
1202 440 1369 504 LIB.
1414 440 1460 506 1'.
1548 439 1736 503 CAP.
1777 446 1841 507 6.
2461 499 2474 510 .
2541 445 2626 509 n

421 633 901 724 cumscriptum
919 683 940 722 ,
991 656 1153 702 vera
1197 634 1472 725 quidem
1518 641 1670 703 sunt
1718 634 1890 701 intra
1929 632 2057 701 hos
2097 633 2367 723 limites,
2435 630 2626 724 qnod

422 745 647 804 autem
681 747 867 804 extra
896 760 1010 805 eos
1043 747 1181 824 est,
1239 738 1561 812 intactum
1590 737 1992 827 relinquunt.
2090 737 2269 805 Nam
2297 739 2627 829 particula

423 836 516 910 ἄν
550 861 758 927 quum
795 842 1045 929 ubique
1075 840 1164 908 ad
1212 841 1662 910 conditionem
1709 840 2002 928 aliquam
2037 839 2396 927 referatur,
2445 864 2625 932 quae

424 942 716 1009 conditio
747 953 861 1010 aut
895 944 1171 1035 impleta
1201 953 1316 1011 aut
1340 967 1476 1012 non
1514 939 1796 1034 impleta
1821 941 2236 1034 intelligitur,
2290 966 2445 1014 eum
2480 955 2628 1013 tan-

420 1045 774 1113 tummodo
814 1047 956 1114 eius
994 1069 1222 1133 usum,
1291 1070 1429 1137 quo
1472 1046 1561 1114 ad
1603 1069 1742 1113 non
1780 1046 2130 1136 impletam
2173 1045 2625 1117 conditionem

418 1147 729 1231 refertur,
764 1151 878 1237 qui
896 1150 1100 1241 longe
1128 1158 1231 1217 est
1256 1150 1469 1218 altero
1497 1149 1816 1234 crebrior,
1860 1149 2188 1239 spectavit
2203 1150 2623 1241 Apollonius·

420 1248 620 1318 Vnde
647 1253 795 1319 fieri
830 1276 962 1321 non
989 1254 1210 1344 potuit
1228 1300 1248 1335 ,
1292 1253 1453 1341 quin
1475 1252 1600 1333 ita,
1650 1261 1726 1319 ut
1751 1250 1943 1337 fecit,
1993 1250 2320 1319 rationem
2347 1255 2624 1323 conclu-

421 1351 633 1426 deret.
707 1355 884 1422 Nam
915 1354 1244 1446 quidquid
1271 1355 1359 1423 ad
1394 1354 1848 1423 conditionem
1876 1375 2011 1422 non
2033 1353 2379 1445 impletam
2405 1357 2625 1426 refer-

420 1463 532 1522 tur
584 1479 667 1524 ex
707 1480 921 1546 eaque
964 1458 1254 1549 pendet,
1305 1458 1670 1549 praeterito
1724 1466 2034 1547 tempore
2096 1455 2456 1526 dicendum
2502 1468 2625 1548 est,

424 1559 582 1646 quia
624 1559 827 1648 illud,
880 1583 1016 1629 non
1061 1583 1206 1629 esse
1244 1561 1589 1652 impletam
1648 1558 2134 1645 conditionem,
2185 1583 2293 1628 res
2341 1570 2444 1630 est
2489 1563 2625 1631 iam

421 1664 799 1753 praeterita.
904 1663 1141 1752 ltaque
1184 1686 1320 1732 non
1368 1663 1636 1731 Graeca
1675 1664 1924 1747 solum,
1976 1661 2100 1731 sed
2142 1663 2310 1731 aliae
2350 1686 2627 1755 quoque

424 1776 493 1832 et
531 1765 757 1833 nescio
791 1789 874 1833 an
905 1789 1140 1834 omnes
1185 1767 1455 1858 linguae
1493 1765 1562 1834 in
1595 1764 1733 1833 hoc
1760 1787 2012 1857 genere
2040 1765 2259 1834 verbis
2283 1770 2628 1859 praeteriti

421 1870 744 1959 temporis
776 1878 1084 1950 utuntur,
1128 1869 1267 1938 sive
1295 1858 1384 1937 de
1417 1868 1778 1962 praeterita
1800 1890 1912 1951 re,
1965 1868 2104 1936 sive
2134 1868 2222 1936 de
2246 1880 2623 1961 praesente,

424 1972 561 2038 sive
587 1971 675 2039 de
698 1971 922 2038 futura
951 1972 1367 2063 loquendum
1387 1974 1488 2045 sit.
1539 1972 1632 2038 Vt
1636 1969 2003 2063 facturus
2033 1992 2265 2041 essem
2292 1974 2407 2061 qui
2441 1971 2623 2061 dicit,

420 2073 554 2141 iam
579 2097 715 2142 non
753 2074 1007 2142 factum
1048 2085 1192 2143 esse
1221 2076 1387 2145 sciat
1418 2096 1695 2143 necesse
1729 2082 1831 2142 est
1865 2072 2068 2163 illud,
2119 2074 2308 2164 quod
2347 2076 2402 2144 si
2449 2085 2625 2145 esset

419 2176 675 2244 factum
690 2227 710 2258 ,
760 2177 906 2269 ipse
936 2178 1006 2245 id
1035 2177 1220 2267 quod
1257 2178 1506 2271 agebat
1535 2186 1679 2246 erat
1708 2176 2024 2244 facturus.
2108 2177 2427 2269 Neglexit
2458 2199 2623 2248 vero

418 2278 814 2370 Apollonius
854 2281 1130 2349 alteram
1169 2282 1533 2369 rationem,
1583 2303 1719 2372 qna
1744 2279 2071 2373 particula
2117 2277 2208 2352 ἄν
2255 2280 2344 2349 ad
2376 2282 2624 2374 imple-

415 2392 557 2451 tam
587 2382 1034 2452 conditionem
1064 2385 1368 2456 refertur.
1457 2386 1653 2471 Quae
1680 2384 1849 2453 ratio
1884 2382 2197 2474 quoniam
2242 2407 2380 2452 non
2415 2385 2623 2453 levius

414 2495 828 2554 momentum
884 2511 1088 2578 quam
1138 2490 1326 2582 prior
1368 2489 1484 2560 illa
1529 2489 1618 2557 ad
1664 2490 1936 2582 plenam
1976 2496 2491 2578 accuratamque
2524 2488 2625 2557 rei

416 2586 901 2681 expositionem
958 2591 1200 2680 habet,
1264 2615 1386 2661 nos
1431 2601 1787 2682 utramque
1827 2593 1923 2659 ita
1965 2591 2443 2684 coniungemus
2460 2641 2482 2675 ,
2544 2598 2621 2661 ut

416 2693 650 2761 ambas
678 2716 762 2761 ex
792 2697 1130 2763 communi
1160 2719 1363 2784 quem
1388 2696 1641 2764 habent
1666 2696 1852 2764 fonte
1876 2703 2278 2786 repetamus,

623 2796 1110 2887 Quaecumque
1147 2799 1295 2867 fieri
1337 2800 1448 2867 vel
1486 2822 1622 2867 non
1664 2798 1815 2866 fieri
1843 2797 2122 2866 dicimus
2140 2845 2161 2881 ,
2215 2805 2327 2865 aut
2359 2796 2622 2889 simpli-

419 2899 585 2967 citer
619 2900 1027 2970 affirmamus
1058 2925 1470 2995 negamusve
1496 2902 1678 2969 facta
1712 2923 1881 2985 esse,
1930 2900 2041 2968 vel
2064 2900 2211 2967 fieri
2228 2951 2248 2986 ,
2296 2901 2406 2967 vel
2436 2893 2620 2968 forei

422 3004 530 3069 cui
561 3002 705 3070 usui
734 3004 950 3073 nudus
986 3006 1281 3073 omnium
1312 3014 1694 3097 temporum
1726 3002 2112 3072 indicativus
2141 2999 2444 3072 inservit:
2504 3012 2621 3070 aut

414 3106 509 3173 ita
550 3128 1191 3194 commemoramus,
1230 3117 1305 3176 ut
1337 3107 1606 3177 effectio
1645 3129 1876 3175 eorum
1909 3106 2346 3196 restringatur
2382 3105 2620 3173 condi·-

415 3208 597 3275 tione
632 3210 872 3299 aliqua,
914 3234 1088 3300 quae
1122 3234 1272 3280 eam
1298 3213 1410 3279 vel
1446 3234 1530 3279 ex
1560 3218 1753 3303 parte
1780 3210 1890 3277 vel
1917 3218 2125 3277 totam
2154 3208 2377 3276 tollat:
2431 3207 2619 3298 quod

414 3311 492 3378 fit
525 3311 895 3381 adiectione
928 3315 1297 3405 particulae
1338 3312 1449 3387 ἄν.
1515 3313 1712 3382 Haec
1742 3312 1916 3382 enim
1943 3312 2270 3403 particula
2301 3312 2619 3401 quoniam

410 3414 510 3481 rei
551 3414 860 3484 fortuitae
910 3418 1319 3486 notationem
1371 3417 1696 3499 continet,
1762 3415 1926 3483 facit
1972 3413 2328 3482 indicativo
2367 3413 2616 3502 addita,

412 3525 488 3583 ut
514 3516 781 3586 effectio
815 3542 855 3586 e
896 3519 1168 3587 fortuita
1211 3523 1433 3610 aliqua
1466 3544 1701 3589 caussa
1740 3541 2062 3610 suspensa
2104 3540 2249 3585 esse
2277 3516 2616 3609 intelliga-

409 3627 538 3687 tur.
598 3637 605 3646 ’
643 3621 994 3712 Significat
1045 3646 1212 3715 ergo
1263 3625 1379 3692 illa
1428 3622 1833 3692 constructio
1850 3672 1870 3708 ,
1933 3620 2082 3688 fieri
2129 3619 2328 3709 quid,
2373 3620 2436 3688 si
2473 3620 2614 3687 fors
2709 3665 2714 3670 «

314 3707 330 3726 ’
406 3722 600 3793 ferat.
699 3723 934 3812 ltaque
976 3749 1185 3814 quum
1215 3728 1455 3818 ἔλεγον
1484 3728 1625 3795 sine
1654 3724 2066 3793 restrictione
2106 3722 2398 3808 dicatur,
2453 3723 2615 3795 ἕλε-

409 3851 543 3916 γον
584 3823 674 3895 ἄν
717 3827 1002 3894 refertur
1040 3830 1129 3896 ad
1160 3830 1611 3897 conditionem
1654 3830 1982 3916 aliquam,
2052 3824 2092 3893 e
2140 3826 2323 3892 cuius
2372 3834 2615 3893 eventu

407 3927 707 4018 pendeat
743 3929 1032 3998 effectio.
1133 3934 1330 4000 Nunc
1364 3932 1660 4000 conditio
1699 3932 1812 3998 illa
1843 3937 1957 3997 aut
1994 3927 2269 4019 impleta
2297 3927 2614 4017 intelligi-

407 4037 548 4116 tur',
601 4039 715 4097 ant
757 4056 892 4100 non
923 4034 1218 4123 impleta.
1320 4035 1396 4104 Si
1423 4036 1733 4127 impleta,
1785 4041 1861 4101 ut
1903 4033 2145 4125 ἔλεγον
2191 4028 2330 4118 ἄν,
2384 4023 2612 4102 ὁπότε

405 4158 518 4210 τις
563 4128 868 4232 ἐρωτῴη,
919 4137 1160 4205 veritas
1195 4138 1359 4205 facti
1393 4161 1477 4207 ex
1502 4146 1698 4230 parte
1726 4135 1996 4220 tollitur,
2050 4155 2134 4201 ex
2163 4143 2356 4224 parte
2387 4140 2611 4198 autem

403 4235 794 4305 affirmatur.
900 4240 1075 4306 Nam
1127 4264 1351 4330 neque
1418 4242 1604 4331 quod
1649 4241 1859 4310 semel
1901 4244 2085 4304 certo
2129 4245 2441 4327 tempore
2498 4233 2609 4300 fa-

404 4346 586 4404 ctum
630 4341 755 4427 sit,
808 4364 1030 4431 neque
1078 4343 1262 4433 quod
1293 4367 1594 4435 semper,
1649 4340 2063 4425 enunciatur,
2115 4339 2239 4406 sed
2282 4336 2611 4405 indicatur

394 4441 583 4529 quod
613 4451 684 4509 ut
713 4444 1096 4535 plurimum,
1127 4446 1356 4540 prouti
1383 4448 1522 4516 fors
1547 4448 1777 4535 ferret,
1811 4442 1958 4513 fieri
1982 4440 2417 4511 consueverit.
2467 4439 2608 4506 Ita-

2130 4559 2196 4628 B
