3284 5159
1141 439 1309 502 Lm.
1352 439 1464 506 111.
1545 438 1745 503 CAP.
1787 440 1851 507 ὃ.
2113 438 2118 443 ’
2508 441 2636 504 15⁰

415 629 973 701 existimaturos
1018 628 1180 722 quis
1213 638 1424 725 putet
1438 623 1481 700 ἲ
1537 629 1632 698 Et
1670 627 1860 723 apud
1893 625 2321 700 Andocidem
2349 648 2427 748 Ρ.
2458 626 2631 700 131.

415 732 628 825 (184.
683 729 757 828 §.
791 730 949 823 36.)
1002 730 1244 805 καίτοι
1293 731 1382 807 οὐ
1423 727 1699 832 δήπου,
1754 762 1806 806 ω
1850 728 2294 855 Ἀθηναῖοι,
2349 728 2631 826 ὀστρα-

414 836 766 934 κισθῆναι
809 837 948 927 μὲν
1009 829 1413 932 ἐπιτήδειός
1455 839 1653 928 εἰμι,
1707 829 2066 910 τεθνάναι
2107 834 2185 907 δὲ
2227 860 2358 907 ουκ
2404 831 2628 924 αξιος,

414 936 588 1012 οὐδὲ
646 935 1069 1033 κρινόμενος
1116 938 1255 1029 μὲν
1302 940 1752 1061 α’ποφυγεΐν,
1819 936 2113 1032 ἄκριτος
2170 936 2248 1009 δὲ
2302 931 2629 1031 φεύγειν·

417 1038 461 1116 ὁ
490 1042 568 1115 δὲ
613 1036 1050 1119 τοσαυτάκις
1078 1033 1599 1134 ἀγωνιζόμενος
1627 1044 1911 1118 δικαίως
1941 1038 2060 1110 καὶ
2097 1031 2386 1134 νικήσας
2412 1033 2632 1114 πάλιν

418 1137 712 1236 δόξαιμι
758 1139 860 1215 δι
896 1147 1129 1215 ἐκεῖνα
1178 1148 1539 1235 ἐκπεσεῖνς
1587 1145 1746 1211 Νοιι
1787 1149 2148 1211 mutassent
2192 1142 2314 1209 viri
2359 1141 2542 1210 docti
2589 1141 2635 1217 ό

419 1248 540 1319 δὲ
521 1270 590 1314 ιιι
632 1241 821 1332 οὐδέ,
862 1268 952 1313 ne
995 1244 1158 1335 quid
1187 1245 1274 1314 de
1312 1246 1582 1316 Sluiteri
1614 1257 1858 1315 conatu
1901 1244 2146 1334 dicam,
2198 1243 2253 1313 si
2293 1245 2632 1333 vidissent,

415 1359 765 1441 postrema
789 1350 1000 1417 verba
1024 1371 1152 1440 per
1179 1349 1777 1443 interrogationem
1804 1348 2117 1441 proferri.
2184 1347 2329 1416 Sed
2356 1349 2423 1415 in
2451 1348 2634 1417 Ero-

414 1453 550 1520 tico
600 1450 1042 1549 Demostheni
1091 1452 1341 1520 tributo
1387 1475 1459 1543 Ρ.
1508 1451 1749 1532 14⁰4,
1800 1452 1914 1520 17.
1968 1451 2156 1540 quod
2199 1450 2475 1543 legitur,
2527 1449 2640 1546 τῷ

416 1581 556 1648 γαρ
596 1546 911 1627 εἰκασειέ
944 1580 1055 1634 τις
1090 1555 1418 1651 θνητων,
1475 1552 1519 1626 ὃ
1566 1550 1953 1628 domator
2000 1559 2154 1634 τοῖς
2197 1551 2477 1626 ἰδοῦσιν
2524 1580 2639 1650 ερ·

418 1652 718 1749 γαζεται
746 1649 1034 1729 πόθον·
1006 1710 1030 1746 ,
1087 1657 1210 1724 etsi
1238 1666 1425 1724 recte
1450 1656 1706 1726 dictum
1738 1666 1838 1726 est
1864 1658 1999 1725 hoc
2030 1679 2246 1743 sensu,
2289 1656 2407 1726 οιιὶ
2435 1679 2636 1725 com-

405 1768 869 1856 paraturum
907 1759 1065 1851 quis
1092 1754 1364 1852 putet?
1413 1769 1639 1829 tamen
1667 1784 1803 1829 non
1840 1759 2301 1829 contenderim
2349 1783 2486 1828 non
2519 1769 2636 1829 aut

418 1864 748 1956 scriptum
776 1885 924 1930 esse
954 1884 1109 1929 cum
1136 1862 1549 1954 particula
1497 1891 1588 1935 αν
1605 1913 1622 1942 ,
1678 1875 1793 1933 aut
1823 1863 2121 1956 potuisse
2147 1863 2365 1931 scribi.

626 1965 851 2034 Multo
889 1965 1224 2034 difficilius
1265 1965 1586 2034 iudicium
1635 1976 1740 2036 est
1780 1968 1867 2035 de
1898 1967 1975 2035 iis
2019 1965 2221 2053 locis„
2271 1965 2342 2032 in
2392 1965 2638 2055 quibus

419 2070 563 2138 sine
598 2069 1122 2161 interrogatione
1160 2068 1377 2137 nudus
1410 2071 1668 2162 positus
1704 2079 1809 2140 est
1849 2069 2208 2162 optativus,
2262 2067 2450 2158 quod
2473 2068 2636 2137 *fere

418 2182 559 2241 tam
585 2180 787 2239 tenue
817 2194 897 2241 ac
927 2173 1168 2240 subtile
1198 2172 1554 2242 discrimen
1587 2183 1690 2242 est
1707 2221 1729 2258 ‚
1781 2182 1856 2243 ut
1885 2189 2021 2241 non
2049 2173 2334 2240 multum
2362 2173 2639 2257 intersit,

420 2284 647 2345 utrum
677 2272 967 2343 addatur
1002 2272 1094 2348 ἄν
1125 2299 1210 2344 an
1230 2275 1585 2344 omittatur.
1639 2277 2018 2369 Reisigium
2044 2275 2320 2366 quidem
2348 2276 2417 2345 in
2442 2276 2640 2345 huius

419 2379 692 2446 rationis
728 2377 1169 2468 explicatione
1194 2380 1284 2447 ita
1312 2402 1354 2446 a
1385 2402 1547 2448 vero
1589 2380 1936 2448 aberrasse
1975 2388 2145 2472 puto
2160 2430 2181 2467 ,
2233 2387 2309 2446 ut
2333 2379 2518 2469 quod
2552 2379 2643 2448 de

422 2481 653 2550 addita
709 2481 1042 2572 particula
1105 2481 1237 2548 dici
1296 2481 1624 2567 debebat,
1702 2483 1792 2551 ad
1855 2485 2167 2552 omissam
2218 2482 2642 2551 transtulerit,

328 2668 329 2671 Ἴ
424 2584 649 2670 Quam
700 2585 873 2652 enim
941 2584 1388 2653 conditionem
1443 2586 1950 2679 intelligendam
2007 2586 2366 2672 existimat,
2435 2608 2646 2676 quum

425 2688 670 2756 omissa
711 2694 811 2755 est
854 2688 1225 2778 particula,
1278 2710 1361 2755 ea
1405 2711 1543 2757 non
1588 2690 1712 2758 nisi
1760 2713 1969 2780 quum
2015 2689 2320 2758 additum
2364 2698 2465 2756 est
2520 2686 2645 2766 ἄν,

421 2790 702 2882 intelligi
738 2799 998 2882 potest:
1054 2791 1106 2858 si
1143 2789 1417 2881 quidem
1451 2793 1725 2861 omnino
1752 2793 1931 2861 hanc
1960 2793 2243 2862 vidimus
2271 2792 2444 2859 illius
2477 2814 2647 2882 par-

422 2895 666 2962 ticulae
706 2901 1009 2960 naturam
1035 2916 1179 2961 esse
1194 2943 1214 2977 ‚
1267 2904 1341 2960 ut
1372 2894 1461 2962 ad
1494 2895 1945 2966 conditionem
1972 2897 2265 2988 aliquam
2295 2894 2646 2965 referatur.

421 2996 529 3064 Ita
558 3018 768 3086 quum
796 2995 962 3064 illud
994 2995 1267 3065 Moschi
1289 2997 1340 3065 1.
1372 2995 1444 3066 6.

531 3165 689 3239 ἔστι
718 3159 792 3238 δ’
824 3162 867 3238 o‘
893 3171 1057 3247 παῖς
1084 3165 1511 3263 περιΜσαμος
1565 3170 1642 3242 ἐν
1674 3170 1900 3243 εἴκοσι
1926 3164 2110 3240 πᾶσι
2140 3159 2421 3260 μάθοις
2448 3193 2593 3256 νιν,

428 3335 523 3404 sic
553 3335 1065 3428 interpretatur:
1111 3334 1306 3405 inter
1340 3337 1628 3428 quosvis
1675 3336 1941 3431 viginti
1981 3359 2269 3425 noscas,
2314 3337 2381 3408 si
2425 3338 2650 3407 modo

427 3460 736 3508 noscas.-
788 3462 925 3507 non
958 3439 1439 3526 animadvertit,
1492 3440 1564 3508 id
1600 3441 1963 3510 dicendum
1991 3441 2196 3510 fuisse
2222 3434 2501 3534 μα’θοις
2532 3439 2647 3514 ἄν.

428 3543 605 3610 Nam
656 3542 711 3609 si
756 3541 823 3608 in
866 3542 1051 3609 nudo
1104 3544 1405 3633 optativo
1451 3567 1533 3611 ea
1577 3567 1781 3633 quam
1825 3546 1967 3612 vult
2016 3545 2335 3614 sententia
2379 3545 2647 3630 inesset,

430 3645 634 3736 plane
693 3644 872 3712 aliud
920 3644 1188 3712 dixisset
1231 3644 1558 3715 Moschus
1616 3670 1822 3736 quam
1870 3648 2161 3716 volebat.
2236 3646 2420 3715 ‘Non
2470 3649 2650 3714 enim

433 3746 828 3834 certissime,
881 3747 1003 3815 sed
1035 3748 1090 3815 si
1119 3748 1257 3816 fors
1286 3748 1420 3815 fert
1445 3750 1773 3832 noscitur,
1828 3751 1942 3840 qui
1969 3752 2301 3836 noscitur,
2354 3751 2409 3817 si
2440 3750 2649 3817 modo

431 3851 743 3918 noscitur.
846 3849 1056 3939 Atqui
1093 3849 1951 3946 Moschus'nonsortasse
1979 3876 2249 3923 noscas
2279 3852 2651 3939 Αηιονειιι,

434 3953 557 4020 sed
607 3975 876 4023 noscas
930 3954 1186 4046 opinor
1238 3954 1466 4023 dicere
1508 3957 1734 4025 voluit.
1840 3957 1983 4026 Sed
2042 3980 2211 4047 quos
2257 3956 2324 4023 in
2371 3957 2650 4046 laqueos

434 4078 583 4124 sese
648 4056 1055 4147 implicuerit
1118 4054 1453 4150 Reisigius
1511 4061 1627 4128 illa
1687 4083 1893 4151 quam
1960 4061 2315 4152 proposuit
2375 4061 2652 4146 ratione,

436 4159 853 4250 apertissime
881 4159 1203 4252 cognosci
1239 4169 1467 4252 potest
1497 4186 1582 4232 ex
1604 4164 1707 4249 iis,
1759 4187 1934 4257 quae
1962 4188 2036 4256 p.
2066 4162 2236 4235 13⁰.
2264 4163 2446 4253 dicit,
2498 4163 2654 4231 Ho-

435 4262 761 4331 mericum
789 4262 955 4331 illud
980 4261 1174 4337 Iliad.
1200 4290 1260 4335 ε.
1297 4263 1470 4332 303.

955 4433 1144 4528 μέγα
1175 4435 1433 4532 ἔργον,
1476 4432 1521 4509 ὃ
1551 4430 1640 4509 οὐ
1676 4428 1803 4510 δύο
1837 4431 1913 4531 γ’
1953 4433 2174 4535 ἄνδρε
2210 4436 2530 4535 φέροιεν,
