<?xml version="1.0" encoding="UTF-8"?>
<!DOCTYPE html PUBLIC "-//W3C//DTD XHTML 1.0 Transitional//EN"
    "http://www.w3.org/TR/xhtml1/DTD/xhtml1-transitional.dtd">
<html xmlns="http://www.w3.org/1999/xhtml" xml:lang="en" lang="en">
 <head>
  <title>
</title>
<meta http-equiv="Content-Type" content="text/html;charset=utf-8" />
  <meta name='ocr-system' content='tesseract 3.04.00' />
  <meta name='ocr-capabilities' content='ocr_page ocr_carea ocr_par ocr_line ocrx_word'/>
</head>
<body>
  <div class='ocr_page' id='page_1' title='image "./departicuvlaanl00hermgoog_0146.png"; bbox 0 0 3284 5159; ppageno 0'>
   <div class='ocr_carea' id='block_1_1' title="bbox 631 418 2207 496">
    <p class='ocr_par' dir='ltr' id='par_1_1' title="bbox 631 418 2207 496">
     <span class='ocr_line' id='line_1_1' title="bbox 631 418 2207 496; baseline 0.004 -12"><span class='ocrx_word' id='word_1_1' title='bbox 631 431 758 496; x_wconf 71' lang='lat'><strong>184</strong></span> <span class='ocrx_word' id='word_1_2' title='bbox 1318 426 1440 488; x_wconf 77' lang='lat' dir='ltr'><strong>DE</strong></span> <span class='ocrx_word' id='word_1_3' title='bbox 1507 422 2069 489; x_wconf 76' lang='lat' dir='ltr'>PARTICVLA</span> <span class='ocrx_word' id='word_1_4' title='bbox 2113 418 2207 490; x_wconf 72' lang='grc' dir='ltr'><strong>ἃν</strong></span> 
     </span>
    </p>
   </div>
   <div class='ocr_carea' id='block_1_2' title="bbox 638 609 2881 1124">
    <p class='ocr_par' dir='ltr' id='par_1_2' title="bbox 638 609 2881 1124">
     <span class='ocr_line' id='line_1_2' title="bbox 639 609 2878 711; baseline -0 -23"><span class='ocrx_word' id='word_1_5' title='bbox 639 620 860 711; x_wconf 85' lang='lat' dir='ltr'><strong>aptius</strong></span> <span class='ocrx_word' id='word_1_6' title='bbox 893 625 996 686; x_wconf 83' lang='lat' dir='ltr'><strong>est</strong></span> <span class='ocrx_word' id='word_1_7' title='bbox 1038 609 1168 690; x_wconf 78' lang='grc' dir='ltr'><strong>ἐοῖν</strong></span> <span class='ocrx_word' id='word_1_8' title='bbox 1210 639 1417 709; x_wconf 89' lang='lat' dir='ltr'><strong>quam</strong></span> <span class='ocrx_word' id='word_1_9' title='bbox 1462 622 1582 691; x_wconf 74' lang='grc' dir='ltr'><strong>ἵνα</strong></span> <span class='ocrx_word' id='word_1_10' title='bbox 1600 671 1628 706; x_wconf 83' lang='grc'>,</span> <span class='ocrx_word' id='word_1_11' title='bbox 1695 625 1798 686; x_wconf 82' lang='lat' dir='ltr'><strong>ut.</strong></span> <span class='ocrx_word' id='word_1_12' title='bbox 1875 615 2049 686; x_wconf 76' lang='lat' dir='ltr'><strong>-Sed</strong></span> <span class='ocrx_word' id='word_1_13' title='bbox 2093 610 2194 689; x_wconf 73' lang='grc' dir='ltr'><strong>ἵν’</strong></span> <span class='ocrx_word' id='word_1_14' title='bbox 2230 614 2324 689; x_wconf 73' lang='grc' dir='ltr'><strong>ἄν</strong></span> <span class='ocrx_word' id='word_1_15' title='bbox 2348 640 2561 707; x_wconf 89' lang='lat' dir='ltr'><strong>quum</strong></span> <span class='ocrx_word' id='word_1_16' title='bbox 2602 617 2685 687; x_wconf 75' lang='lat' dir='ltr'><strong>sit</strong></span> <span class='ocrx_word' id='word_1_17' title='bbox 2731 617 2878 688; x_wconf 77' lang='lat' dir='ltr'><strong>fere</strong></span> 
     </span>
     <span class='ocr_line' id='line_1_3' title="bbox 638 711 2880 811; baseline -0 -20"><span class='ocrx_word' id='word_1_18' title='bbox 638 722 823 792; x_wconf 88' lang='lat' dir='ltr'><strong>idem</strong></span> <span class='ocrx_word' id='word_1_19' title='bbox 856 718 1045 811; x_wconf 90' lang='lat' dir='ltr'><strong>quod</strong></span> <span class='ocrx_word' id='word_1_20' title='bbox 1080 711 1209 794; x_wconf 70' lang='grc' dir='ltr'><strong>ἐάν</strong></span> <span class='ocrx_word' id='word_1_21' title='bbox 1228 776 1256 810; x_wconf 83' lang='grc'>,</span> <span class='ocrx_word' id='word_1_22' title='bbox 1307 712 1577 791; x_wconf 81' lang='lat' dir='ltr'><strong>videtur</strong></span> <span class='ocrx_word' id='word_1_23' title='bbox 1605 719 1680 789; x_wconf 89' lang='lat' dir='ltr'><strong>id</strong></span> <span class='ocrx_word' id='word_1_24' title='bbox 1709 720 2096 811; x_wconf 77' lang='lat' dir='ltr'>exquisitius</span> <span class='ocrx_word' id='word_1_25' title='bbox 2124 742 2290 789; x_wconf 84' lang='lat' dir='ltr'><strong>esso.</strong></span> <span class='ocrx_word' id='word_1_26' title='bbox 2370 722 2641 792; x_wconf 91' lang='lat' dir='ltr'><strong>Eodem</strong></span> <span class='ocrx_word' id='word_1_27' title='bbox 2668 722 2880 791; x_wconf 89' lang='lat' dir='ltr'><strong>modo</strong></span> 
     </span>
     <span class='ocr_line' id='line_1_4' title="bbox 638 822 2730 918; baseline -0 -24"><span class='ocrx_word' id='word_1_28' title='bbox 638 849 764 895; x_wconf 84' lang='lat' dir='ltr'><strong>nos</strong></span> <span class='ocrx_word' id='word_1_29' title='bbox 789 822 1093 918; x_wconf 81' lang='lat' dir='ltr'><strong>wosern.</strong></span> <span class='ocrx_word' id='word_1_30' title='bbox 2723 872 2730 875; x_wconf 96' lang='lat'>-</span> 
     </span>
     <span class='ocr_line' id='line_1_5' title="bbox 845 921 2881 1019; baseline -0 -23"><span class='ocrx_word' id='word_1_31' title='bbox 845 925 1188 996; x_wconf 79' lang='lat' dir='ltr'><strong>Invenitur</strong></span> <span class='ocrx_word' id='word_1_32' title='bbox 1228 933 1457 995; x_wconf 87' lang='lat' dir='ltr'><strong>autem</strong></span> <span class='ocrx_word' id='word_1_33' title='bbox 1501 930 1622 999; x_wconf 72' lang='grc' dir='ltr'><strong>ἶνα</strong></span> <span class='ocrx_word' id='word_1_34' title='bbox 1636 971 1659 1008; x_wconf 85' lang='grc'><em>,</em></span> <span class='ocrx_word' id='word_1_35' title='bbox 1724 921 1850 996; x_wconf 76' lang='lat' dir='ltr'><strong>ubi</strong></span> <span class='ocrx_word' id='word_1_36' title='bbox 1892 925 2277 1019; x_wconf 83' lang='lat' dir='ltr'><strong>significans</strong></span> <span class='ocrx_word' id='word_1_37' title='bbox 2293 975 2315 1014; x_wconf 89' lang='lat'>‚</span> <span class='ocrx_word' id='word_1_38' title='bbox 2365 934 2443 997; x_wconf 90' lang='lat' dir='ltr'><strong>ut</strong></span> <span class='ocrx_word' id='word_1_39' title='bbox 2486 949 2616 1019; x_wconf 91' lang='lat' dir='ltr'><strong>par</strong></span> <span class='ocrx_word' id='word_1_40' title='bbox 2668 935 2772 995; x_wconf 89' lang='lat' dir='ltr'><strong>est</strong></span> <span class='ocrx_word' id='word_1_41' title='bbox 2811 927 2881 995; x_wconf 91' lang='lat' dir='ltr'><strong>in</strong></span> 
     </span>
     <span class='ocr_line' id='line_1_6' title="bbox 642 1029 2881 1124; baseline -0.001 -23"><span class='ocrx_word' id='word_1_42' title='bbox 642 1056 719 1101; x_wconf 87' lang='lat' dir='ltr'><strong>re</strong></span> <span class='ocrx_word' id='word_1_43' title='bbox 756 1029 1121 1124; x_wconf 86' lang='lat' dir='ltr'><strong>praeterita</strong></span> <span class='ocrx_word' id='word_1_44' title='bbox 1150 1031 1352 1097; x_wconf 91' lang='lat' dir='ltr'><strong>etiam</strong></span> <span class='ocrx_word' id='word_1_45' title='bbox 1389 1051 1544 1098; x_wconf 88' lang='lat' dir='ltr'><strong>cum</strong></span> <span class='ocrx_word' id='word_1_46' title='bbox 1576 1029 1885 1120; x_wconf 82' lang='lat' dir='ltr'><strong>optativo</strong></span> <span class='ocrx_word' id='word_1_47' title='bbox 1919 1038 2378 1100; x_wconf 81' lang='lat' dir='ltr'><strong>constructum</strong></span> <span class='ocrx_word' id='word_1_48' title='bbox 2423 1031 2615 1122; x_wconf 89' lang='lat' dir='ltr'><strong>apud</strong></span> <span class='ocrx_word' id='word_1_49' title='bbox 2666 1029 2881 1099; x_wconf 87' lang='lat' dir='ltr'><strong>Calli-</strong></span> 
     </span>
    </p>
   </div>
   <div class='ocr_carea' id='block_1_3' title="bbox 494 1107 1451 1225">
    <p class='ocr_par' dir='ltr' id='par_1_3' title="bbox 494 1107 1451 1225">
     <span class='ocr_line' id='line_1_7' title="bbox 494 1107 1451 1225; baseline -0.004 -20"><span class='ocrx_word' id='word_1_50' title='bbox 494 1220 497 1225; x_wconf 18' lang='grc'><strong>,</strong></span> <span class='ocrx_word' id='word_1_51' title='bbox 643 1134 961 1205; x_wconf 86' lang='lat' dir='ltr'><strong>maehum</strong></span> <span class='ocrx_word' id='word_1_52' title='bbox 985 1133 1060 1208; x_wconf 90' lang='lat' dir='ltr'><strong>h.</strong></span> <span class='ocrx_word' id='word_1_53' title='bbox 1089 1107 1283 1207; x_wconf 81' lang='lat' dir='ltr'><strong>Dian.</strong></span> <span class='ocrx_word' id='word_1_54' title='bbox 1325 1132 1451 1206; x_wconf 70' lang='lat'><strong>27.</strong></span> 
     </span>
    </p>
   </div>
   <div class='ocr_carea' id='block_1_4' title="bbox 849 1277 2724 1489">
    <p class='ocr_par' dir='ltr' id='par_1_4' title="bbox 849 1277 2724 1489">
     <span class='ocr_line' id='line_1_8' title="bbox 1308 1277 2724 1384; baseline -0.001 -24"><span class='ocrx_word' id='word_1_55' title='bbox 1308 1280 1577 1367; x_wconf 80' lang='grc' dir='ltr'><strong><em>πολλας</em></strong></span> <span class='ocrx_word' id='word_1_56' title='bbox 1607 1285 1686 1359; x_wconf 76' lang='grc' dir='ltr'><strong>δὲ</strong></span> <span class='ocrx_word' id='word_1_57' title='bbox 1715 1277 1959 1384; x_wconf 67' lang='grc' dir='ltr'><em>μάτην</em></span> <span class='ocrx_word' id='word_1_58' title='bbox 1990 1279 2444 1362; x_wconf 55' lang='lat' dir='ltr'><strong>&amp;avvocare</strong></span> <span class='ocrx_word' id='word_1_59' title='bbox 2480 1290 2724 1384; x_wconf 75' lang='grc' dir='ltr'><strong><em>χεῖρας</em></strong></span> 
     </span>
     <span class='ocr_line' id='line_1_9' title="bbox 849 1384 1650 1489; baseline -0.004 -24"><span class='ocrx_word' id='word_1_60' title='bbox 849 1392 1102 1489; x_wconf 78' lang='grc' dir='ltr'><strong><em>μέχρις</em></strong></span> <span class='ocrx_word' id='word_1_61' title='bbox 1127 1396 1248 1464; x_wconf 80' lang='grc' dir='ltr'><strong>ἵνα</strong></span> <span class='ocrx_word' id='word_1_62' title='bbox 1280 1384 1650 1485; x_wconf 72' lang='grc' dir='ltr'>ψαύσειεν.</span> 
     </span>
    </p>
   </div>
   <div class='ocr_carea' id='block_1_5' title="bbox 539 1541 2964 4115">
    <p class='ocr_par' dir='ltr' id='par_1_5' title="bbox 539 1541 2964 4115">
     <span class='ocr_line' id='line_1_10' title="bbox 855 1541 2880 1637; baseline -0 -25"><span class='ocrx_word' id='word_1_63' title='bbox 855 1545 1093 1613; x_wconf 85' lang='lat' dir='ltr'><strong>Altera</strong></span> <span class='ocrx_word' id='word_1_64' title='bbox 1108 1544 1509 1637; x_wconf 83' lang='lat' dir='ltr'><strong>significatio</strong></span> <span class='ocrx_word' id='word_1_65' title='bbox 1520 1543 1722 1611; x_wconf 89' lang='lat' dir='ltr'><strong>huius</strong></span> <span class='ocrx_word' id='word_1_66' title='bbox 1737 1542 2023 1611; x_wconf 79' lang='lat' dir='ltr'><strong>voculae</strong></span> <span class='ocrx_word' id='word_1_67' title='bbox 2053 1550 2273 1626; x_wconf 81' lang='lat' dir='ltr'><strong>estut,</strong></span> <span class='ocrx_word' id='word_1_68' title='bbox 2326 1541 2448 1611; x_wconf 87' lang='lat' dir='ltr'><strong>sed</strong></span> <span class='ocrx_word' id='word_1_69' title='bbox 2466 1566 2547 1611; x_wconf 90' lang='lat' dir='ltr'><strong>ea</strong></span> <span class='ocrx_word' id='word_1_70' title='bbox 2560 1565 2695 1610; x_wconf 92' lang='lat' dir='ltr'><strong>non</strong></span> <span class='ocrx_word' id='word_1_71' title='bbox 2712 1542 2880 1611; x_wconf 84' lang='lat' dir='ltr'>nihil</span> 
     </span>
     <span class='ocr_line' id='line_1_11' title="bbox 647 1645 2881 1739; baseline -0 -25"><span class='ocrx_word' id='word_1_72' title='bbox 647 1645 971 1737; x_wconf 71' lang='lat' dir='ltr'><strong>differens</strong></span> <span class='ocrx_word' id='word_1_73' title='bbox 998 1648 1085 1715; x_wconf 90' lang='lat' dir='ltr'><strong>ab</strong></span> <span class='ocrx_word' id='word_1_74' title='bbox 1116 1645 1224 1728; x_wconf 74' lang='grc' dir='ltr'><strong>αῖς.</strong></span> <span class='ocrx_word' id='word_1_75' title='bbox 1325 1649 1506 1717; x_wconf 90' lang='lat' dir='ltr'><strong>Nam</strong></span> <span class='ocrx_word' id='word_1_76' title='bbox 1546 1646 1866 1739; x_wconf 88' lang='lat' dir='ltr'><strong>proprius</strong></span> <span class='ocrx_word' id='word_1_77' title='bbox 1910 1646 2050 1714; x_wconf 90' lang='lat' dir='ltr'><strong>eius</strong></span> <span class='ocrx_word' id='word_1_78' title='bbox 2097 1645 2521 1734; x_wconf 79' lang='lat' dir='ltr'><strong>maximeque</strong></span> <span class='ocrx_word' id='word_1_79' title='bbox 2560 1645 2881 1736; x_wconf 81' lang='lat' dir='ltr'><strong>frequens</strong></span> 
     </span>
     <span class='ocr_line' id='line_1_12' title="bbox 647 1749 2883 1841; baseline -0.001 -22"><span class='ocrx_word' id='word_1_80' title='bbox 647 1774 807 1820; x_wconf 92' lang='lat' dir='ltr'><strong>usus</strong></span> <span class='ocrx_word' id='word_1_81' title='bbox 835 1760 955 1837; x_wconf 91' lang='lat' dir='ltr'><strong>est,</strong></span> <span class='ocrx_word' id='word_1_82' title='bbox 1009 1773 1218 1840; x_wconf 90' lang='lat' dir='ltr'><strong>quum</strong></span> <span class='ocrx_word' id='word_1_83' title='bbox 1246 1751 1409 1841; x_wconf 91' lang='lat' dir='ltr'><strong>quid</strong></span> <span class='ocrx_word' id='word_1_84' title='bbox 1438 1751 1659 1818; x_wconf 87' lang='lat' dir='ltr'><strong>obiter</strong></span> <span class='ocrx_word' id='word_1_85' title='bbox 1685 1758 1754 1818; x_wconf 92' lang='lat' dir='ltr'><strong>et</strong></span> <span class='ocrx_word' id='word_1_86' title='bbox 1782 1750 2076 1841; x_wconf 80' lang='lat' dir='ltr'><strong>exempli</strong></span> <span class='ocrx_word' id='word_1_87' title='bbox 2104 1772 2341 1818; x_wconf 80' lang='lat' dir='ltr'><strong>caussa</strong></span> <span class='ocrx_word' id='word_1_88' title='bbox 2368 1749 2682 1818; x_wconf 80' lang='lat' dir='ltr'><strong>affertur:</strong></span> <span class='ocrx_word' id='word_1_89' title='bbox 2733 1759 2883 1818; x_wconf 90' lang='lat' dir='ltr'><strong>tum</strong></span> 
     </span>
     <span class='ocr_line' id='line_1_13' title="bbox 649 1851 2882 1946; baseline -0 -23"><span class='ocrx_word' id='word_1_90' title='bbox 649 1852 1038 1946; x_wconf 89' lang='lat' dir='ltr'><strong>simpliciter</strong></span> <span class='ocrx_word' id='word_1_91' title='bbox 1080 1853 1196 1922; x_wconf 90' lang='lat' dir='ltr'><strong>fini</strong></span> <span class='ocrx_word' id='word_1_92' title='bbox 1254 1853 1668 1943; x_wconf 89' lang='lat' dir='ltr'><strong>consilioque</strong></span> <span class='ocrx_word' id='word_1_93' title='bbox 1719 1851 2084 1921; x_wconf 89' lang='lat' dir='ltr'><strong>indicando</strong></span> <span class='ocrx_word' id='word_1_94' title='bbox 2126 1854 2429 1922; x_wconf 84' lang='lat' dir='ltr'><strong>inservit:</strong></span> <span class='ocrx_word' id='word_1_95' title='bbox 2512 1852 2635 1922; x_wconf 80' lang='lat' dir='ltr'><strong>sed</strong></span> <span class='ocrx_word' id='word_1_96' title='bbox 2692 1852 2882 1945; x_wconf 89' lang='lat' dir='ltr'><strong>apud</strong></span> 
     </span>
     <span class='ocr_line' id='line_1_14' title="bbox 648 1957 2881 2049; baseline -0.002 -20"><span class='ocrx_word' id='word_1_97' title='bbox 648 1958 1054 2047; x_wconf 75' lang='lat' dir='ltr'><strong>antiquiores</strong></span> <span class='ocrx_word' id='word_1_98' title='bbox 1095 1966 1164 2025; x_wconf 90' lang='lat' dir='ltr'><strong>et</strong></span> <span class='ocrx_word' id='word_1_99' title='bbox 1189 1957 1480 2026; x_wconf 91' lang='lat' dir='ltr'><strong>melioris</strong></span> <span class='ocrx_word' id='word_1_100' title='bbox 1510 1967 1712 2026; x_wconf 87' lang='lat' dir='ltr'><strong>uotae</strong></span> <span class='ocrx_word' id='word_1_101' title='bbox 1742 1957 2101 2049; x_wconf 83' lang='lat' dir='ltr'><strong>scriptores</strong></span> <span class='ocrx_word' id='word_1_102' title='bbox 2130 1979 2267 2024; x_wconf 91' lang='lat' dir='ltr'><strong>nou</strong></span> <span class='ocrx_word' id='word_1_103' title='bbox 2292 1967 2659 2048; x_wconf 90' lang='lat' dir='ltr'><strong>usurpatur</strong></span> <span class='ocrx_word' id='word_1_104' title='bbox 2685 1979 2881 2026; x_wconf 90' lang='lat' dir='ltr'><strong>com-</strong></span> 
     </span>
     <span class='ocr_line' id='line_1_15' title="bbox 646 2056 2881 2156; baseline 0 -28"><span class='ocrx_word' id='word_1_105' title='bbox 646 2061 1017 2155; x_wconf 89' lang='lat' dir='ltr'><strong>parationis</strong></span> <span class='ocrx_word' id='word_1_106' title='bbox 1045 2083 1313 2147; x_wconf 79' lang='lat' dir='ltr'><strong>caussa,</strong></span> <span class='ocrx_word' id='word_1_107' title='bbox 1364 2061 1504 2130; x_wconf 86' lang='lat' dir='ltr'><strong>sive</strong></span> <span class='ocrx_word' id='word_1_108' title='bbox 1538 2083 1948 2156; x_wconf 84' lang='lat' dir='ltr'><strong>praegresso</strong></span> <span class='ocrx_word' id='word_1_109' title='bbox 1992 2056 2219 2140; x_wconf 79' lang='grc' dir='ltr'><em>οὕτως</em></span> <span class='ocrx_word' id='word_1_110' title='bbox 2236 2113 2265 2148; x_wconf 88' lang='lat'><em>,</em></span> <span class='ocrx_word' id='word_1_111' title='bbox 2320 2061 2458 2129; x_wconf 84' lang='lat' dir='ltr'><strong>sive</strong></span> <span class='ocrx_word' id='word_1_112' title='bbox 2494 2082 2634 2127; x_wconf 92' lang='lat' dir='ltr'><strong>non</strong></span> <span class='ocrx_word' id='word_1_113' title='bbox 2672 2084 2881 2151; x_wconf 92' lang='lat' dir='ltr'><strong>prae-</strong></span> 
     </span>
     <span class='ocr_line' id='line_1_16' title="bbox 650 2162 2882 2260; baseline -0 -27"><span class='ocrx_word' id='word_1_114' title='bbox 650 2188 930 2260; x_wconf 81' lang='lat' dir='ltr'><strong>gress03</strong></span> <span class='ocrx_word' id='word_1_115' title='bbox 980 2173 1054 2236; x_wconf 89' lang='lat' dir='ltr'><strong>ut</strong></span> <span class='ocrx_word' id='word_1_116' title='bbox 1083 2164 1202 2249; x_wconf 87' lang='lat' dir='ltr'><strong>sit,</strong></span> <span class='ocrx_word' id='word_1_117' title='bbox 1254 2165 1366 2235; x_wconf 77' lang='lat' dir='ltr'><strong>ita</strong></span> <span class='ocrx_word' id='word_1_118' title='bbox 1404 2174 1521 2236; x_wconf 78' lang='lat' dir='ltr'><strong>ut:</strong></span> <span class='ocrx_word' id='word_1_119' title='bbox 1566 2164 1755 2255; x_wconf 91' lang='lat' dir='ltr'><strong>quod</strong></span> <span class='ocrx_word' id='word_1_120' title='bbox 1786 2163 2057 2232; x_wconf 80' lang='lat' dir='ltr'><strong>labante</strong></span> <span class='ocrx_word' id='word_1_121' title='bbox 2088 2162 2364 2232; x_wconf 87' lang='lat' dir='ltr'><strong>demum</strong></span> <span class='ocrx_word' id='word_1_122' title='bbox 2393 2164 2563 2233; x_wconf 92' lang='lat' dir='ltr'><strong>flore</strong></span> <span class='ocrx_word' id='word_1_123' title='bbox 2609 2162 2882 2256; x_wconf 83' lang='lat' dir='ltr'><strong>linguae</strong></span> 
     </span>
     <span class='ocr_line' id='line_1_17' title="bbox 652 2265 2879 2360; baseline 0.003 -25"><span class='ocrx_word' id='word_1_124' title='bbox 652 2268 1021 2337; x_wconf 88' lang='lat' dir='ltr'><strong>admissum</strong></span> <span class='ocrx_word' id='word_1_125' title='bbox 1070 2268 1434 2355; x_wconf 84' lang='lat' dir='ltr'><strong>iuvenitur,</strong></span> <span class='ocrx_word' id='word_1_126' title='bbox 1500 2277 1575 2336; x_wconf 92' lang='lat' dir='ltr'><strong>ut</strong></span> <span class='ocrx_word' id='word_1_127' title='bbox 1627 2266 1818 2360; x_wconf 88' lang='lat' dir='ltr'><strong>apud</strong></span> <span class='ocrx_word' id='word_1_128' title='bbox 1863 2266 2302 2337; x_wconf 79' lang='lat' dir='ltr'><strong>Plutarchum</strong></span> <span class='ocrx_word' id='word_1_129' title='bbox 2350 2265 2879 2359; x_wconf 84' lang='lat' dir='ltr'><strong>Apophthegm.</strong></span> 
     </span>
     <span class='ocr_line' id='line_1_18' title="bbox 651 2368 2886 2463; baseline -0.002 -19"><span class='ocrx_word' id='word_1_130' title='bbox 651 2371 838 2463; x_wconf 83' lang='lat' dir='ltr'><strong>Reg.</strong></span> <span class='ocrx_word' id='word_1_131' title='bbox 870 2394 941 2462; x_wconf 88' lang='lat' dir='ltr'><strong>p.</strong></span> <span class='ocrx_word' id='word_1_132' title='bbox 974 2368 1145 2442; x_wconf 75' lang='lat'><strong>179.</strong></span> <span class='ocrx_word' id='word_1_133' title='bbox 1183 2371 1268 2439; x_wconf 91' lang='lat' dir='ltr'><strong>B.</strong></span> <span class='ocrx_word' id='word_1_134' title='bbox 1323 2372 1627 2461; x_wconf 91' lang='lat' dir='ltr'><strong>aliosque</strong></span> <span class='ocrx_word' id='word_1_135' title='bbox 1660 2371 2104 2441; x_wconf 80' lang='lat' dir='ltr'><strong>recentiores:</strong></span> <span class='ocrx_word' id='word_1_136' title='bbox 2156 2393 2221 2440; x_wconf 81' lang='lat' dir='ltr'><strong>v.</strong></span> <span class='ocrx_word' id='word_1_137' title='bbox 2254 2370 2534 2440; x_wconf 81' lang='lat' dir='ltr'><strong>Dorvill.</strong></span> <span class='ocrx_word' id='word_1_138' title='bbox 2571 2369 2663 2439; x_wconf 90' lang='lat' dir='ltr'><strong>ad</strong></span> <span class='ocrx_word' id='word_1_139' title='bbox 2693 2369 2886 2440; x_wconf 83' lang='lat' dir='ltr'><strong>Cha·</strong></span> 
     </span>
     <span class='ocr_line' id='line_1_19' title="bbox 650 2469 2883 2567; baseline -0.001 -23"><span class='ocrx_word' id='word_1_140' title='bbox 650 2474 758 2547; x_wconf 90' lang='lat' dir='ltr'><strong>rit.</strong></span> <span class='ocrx_word' id='word_1_141' title='bbox 792 2496 864 2565; x_wconf 87' lang='lat' dir='ltr'><strong>p.</strong></span> <span class='ocrx_word' id='word_1_142' title='bbox 897 2469 1071 2541; x_wconf 78' lang='grc'><strong>562.</strong></span> <span class='ocrx_word' id='word_1_143' title='bbox 1113 2470 1321 2563; x_wconf 82' lang='grc'><strong>(544.</strong></span> <span class='ocrx_word' id='word_1_144' title='bbox 1354 2474 1461 2543; x_wconf 89' lang='lat' dir='ltr'><strong>ed.</strong></span> <span class='ocrx_word' id='word_1_145' title='bbox 1490 2475 1713 2567; x_wconf 85' lang='lat' dir='ltr'><strong>Lips.)</strong></span> <span class='ocrx_word' id='word_1_146' title='bbox 1768 2473 2154 2544; x_wconf 77' lang='lat' dir='ltr'><strong>observant</strong></span> <span class='ocrx_word' id='word_1_147' title='bbox 2183 2482 2409 2543; x_wconf 88' lang='lat' dir='ltr'><strong>autem</strong></span> <span class='ocrx_word' id='word_1_148' title='bbox 2439 2476 2883 2566; x_wconf 86' lang='lat' dir='ltr'><strong>grammatici,</strong></span> 
     </span>
     <span class='ocr_line' id='line_1_20' title="bbox 539 2577 2882 2673; baseline -0 -28"><span class='ocrx_word' id='word_1_149' title='bbox 539 2654 545 2661; x_wconf 41' lang='lat'><em>,</em></span> <span class='ocrx_word' id='word_1_150' title='bbox 654 2598 866 2668; x_wconf 90' lang='lat' dir='ltr'><strong>quum</strong></span> <span class='ocrx_word' id='word_1_151' title='bbox 891 2585 974 2645; x_wconf 83' lang='lat' dir='ltr'><strong>ut</strong></span> <span class='ocrx_word' id='word_1_152' title='bbox 1013 2577 1346 2673; x_wconf 85' lang='lat' dir='ltr'><strong>significat</strong></span> <span class='ocrx_word' id='word_1_153' title='bbox 1387 2585 1504 2651; x_wconf 77' lang='grc' dir='ltr'><strong>ἵνα</strong></span> <span class='ocrx_word' id='word_1_154' title='bbox 1525 2631 1546 2668; x_wconf 87' lang='grc'><em>,</em></span> <span class='ocrx_word' id='word_1_155' title='bbox 1598 2601 1739 2647; x_wconf 86' lang='grc' dir='ltr'>ιιοιι</span> <span class='ocrx_word' id='word_1_156' title='bbox 1774 2578 2069 2647; x_wconf 83' lang='lat' dir='ltr'><strong>construi</strong></span> <span class='ocrx_word' id='word_1_157' title='bbox 2102 2602 2145 2647; x_wconf 92' lang='lat' dir='ltr'><strong>a</strong></span> <span class='ocrx_word' id='word_1_158' title='bbox 2181 2577 2488 2670; x_wconf 87' lang='lat' dir='ltr'><strong>probatis</strong></span> <span class='ocrx_word' id='word_1_159' title='bbox 2532 2578 2882 2669; x_wconf 88' lang='lat' dir='ltr'><strong>scriptori-</strong></span> 
     </span>
     <span class='ocr_line' id='line_1_21' title="bbox 651 2675 2884 2775; baseline 0.003 -26"><span class='ocrx_word' id='word_1_160' title='bbox 651 2680 780 2750; x_wconf 87' lang='lat' dir='ltr'><strong>bus</strong></span> <span class='ocrx_word' id='word_1_161' title='bbox 810 2702 966 2747; x_wconf 89' lang='lat' dir='ltr'><strong>cum</strong></span> <span class='ocrx_word' id='word_1_162' title='bbox 994 2679 1352 2775; x_wconf 80' lang='lat' dir='ltr'><strong>indicativo</strong></span> <span class='ocrx_word' id='word_1_163' title='bbox 1383 2681 1624 2768; x_wconf 83' lang='lat' dir='ltr'><strong>futuri,</strong></span> <span class='ocrx_word' id='word_1_164' title='bbox 1680 2681 1869 2773; x_wconf 91' lang='lat' dir='ltr'><strong>quod</strong></span> <span class='ocrx_word' id='word_1_165' title='bbox 1903 2704 2119 2773; x_wconf 84' lang='lat' dir='ltr'><strong>genus</strong></span> <span class='ocrx_word' id='word_1_166' title='bbox 2154 2681 2661 2749; x_wconf 80' lang='lat' dir='ltr'><strong>constructionis</strong></span> <span class='ocrx_word' id='word_1_167' title='bbox 2691 2675 2884 2754; x_wconf 76' lang='grc' dir='ltr'><strong><em>πάνυ</em></strong></span> 
     </span>
     <span class='ocr_line' id='line_1_22' title="bbox 654 2779 2884 2877; baseline -0.002 -20"><span class='ocrx_word' id='word_1_168' title='bbox 654 2779 946 2876; x_wconf 74' lang='grc' dir='ltr'><strong><em>ἀμαθὲς</em></strong></span> <span class='ocrx_word' id='word_1_169' title='bbox 969 2794 1171 2853; x_wconf 85' lang='lat' dir='ltr'><strong>vocat</strong></span> <span class='ocrx_word' id='word_1_170' title='bbox 1199 2784 1504 2853; x_wconf 89' lang='lat' dir='ltr'><strong>Thomas</strong></span> <span class='ocrx_word' id='word_1_171' title='bbox 1534 2783 1639 2856; x_wconf 88' lang='lat' dir='ltr'><strong>M.</strong></span> <span class='ocrx_word' id='word_1_172' title='bbox 1717 2786 1865 2855; x_wconf 84' lang='lat' dir='ltr'><strong>Neo</strong></span> <span class='ocrx_word' id='word_1_173' title='bbox 1892 2785 2206 2877; x_wconf 84' lang='lat' dir='ltr'><strong>profecto</strong></span> <span class='ocrx_word' id='word_1_174' title='bbox 2239 2784 2355 2874; x_wconf 89' lang='lat' dir='ltr'><strong>qui</strong></span> <span class='ocrx_word' id='word_1_175' title='bbox 2387 2807 2540 2853; x_wconf 89' lang='lat' dir='ltr'><strong>eam</strong></span> <span class='ocrx_word' id='word_1_176' title='bbox 2571 2794 2884 2852; x_wconf 88' lang='lat' dir='ltr'><strong>constru-</strong></span> 
     </span>
     <span class='ocr_line' id='line_1_23' title="bbox 656 2884 2882 2972; baseline 0 -19"><span class='ocrx_word' id='word_1_177' title='bbox 656 2886 946 2970; x_wconf 78' lang='lat' dir='ltr'><strong>ctionem</strong></span> <span class='ocrx_word' id='word_1_178' title='bbox 966 2888 1337 2957; x_wconf 83' lang='lat' dir='ltr'><strong>defendere</strong></span> <span class='ocrx_word' id='word_1_179' title='bbox 1361 2889 1584 2957; x_wconf 89' lang='lat' dir='ltr'><strong>conati</strong></span> <span class='ocrx_word' id='word_1_180' title='bbox 1599 2897 1771 2972; x_wconf 86' lang='lat' dir='ltr'><strong>sunt,</strong></span> <span class='ocrx_word' id='word_1_181' title='bbox 1824 2897 1898 2956; x_wconf 89' lang='lat' dir='ltr'><strong>ut</strong></span> <span class='ocrx_word' id='word_1_182' title='bbox 1922 2886 2337 2957; x_wconf 87' lang='lat' dir='ltr'><strong>Abreschius</strong></span> <span class='ocrx_word' id='word_1_183' title='bbox 2365 2885 2647 2958; x_wconf 84' lang='lat' dir='ltr'><strong>inMisc.</strong></span> <span class='ocrx_word' id='word_1_184' title='bbox 2675 2884 2882 2956; x_wconf 85' lang='lat' dir='ltr'><strong>Obss.</strong></span> 
     </span>
     <span class='ocr_line' id='line_1_24' title="bbox 653 2988 2882 3082; baseline 0.001 -23"><span class='ocrx_word' id='word_1_185' title='bbox 653 3013 810 3060; x_wconf 66' lang='lat' dir='ltr'><strong>nor.</strong></span> <span class='ocrx_word' id='word_1_186' title='bbox 852 2989 909 3059; x_wconf 90' lang='grc' dir='ltr'><strong>Ι.</strong></span> <span class='ocrx_word' id='word_1_187' title='bbox 947 2991 1015 3069; x_wconf 80' lang='grc'><strong>3,</strong></span> <span class='ocrx_word' id='word_1_188' title='bbox 1047 2990 1168 3066; x_wconf 90' lang='grc'><strong>14.</strong></span> <span class='ocrx_word' id='word_1_189' title='bbox 1220 2993 1586 3061; x_wconf 86' lang='lat' dir='ltr'><strong>Dorvillius</strong></span> <span class='ocrx_word' id='word_1_190' title='bbox 1615 2991 1705 3059; x_wconf 91' lang='lat' dir='ltr'><strong>ad</strong></span> <span class='ocrx_word' id='word_1_191' title='bbox 1728 2990 1932 3060; x_wconf 89' lang='lat' dir='ltr'><strong>Char.</strong></span> <span class='ocrx_word' id='word_1_192' title='bbox 1977 3015 2052 3082; x_wconf 90' lang='lat' dir='ltr'><strong>p.</strong></span> <span class='ocrx_word' id='word_1_193' title='bbox 2077 2988 2488 3079; x_wconf 82' lang='grc'><strong>460..(480.</strong></span> <span class='ocrx_word' id='word_1_194' title='bbox 2513 2989 2622 3062; x_wconf 90' lang='lat' dir='ltr'><strong>ed.</strong></span> <span class='ocrx_word' id='word_1_195' title='bbox 2651 2990 2882 3082; x_wconf 85' lang='lat' dir='ltr'><strong>Lips.)</strong></span> 
     </span>
     <span class='ocr_line' id='line_1_25' title="bbox 656 3087 2882 3188; baseline 0 -27"><span class='ocrx_word' id='word_1_196' title='bbox 656 3093 895 3184; x_wconf 88' lang='lat' dir='ltr'><strong>Toup.</strong></span> <span class='ocrx_word' id='word_1_197' title='bbox 936 3091 1195 3186; x_wconf 89' lang='lat' dir='ltr'><strong>Opusc.</strong></span> <span class='ocrx_word' id='word_1_198' title='bbox 1233 3093 1285 3161; x_wconf 91' lang='lat' dir='ltr'><strong>l.</strong></span> <span class='ocrx_word' id='word_1_199' title='bbox 1318 3119 1394 3188; x_wconf 90' lang='lat' dir='ltr'><strong>p.</strong></span> <span class='ocrx_word' id='word_1_200' title='bbox 1423 3094 1598 3163; x_wconf 79' lang='grc'><strong>438.</strong></span> <span class='ocrx_word' id='word_1_201' title='bbox 1625 3095 1712 3163; x_wconf 92' lang='lat'><strong>11.</strong></span> <span class='ocrx_word' id='word_1_202' title='bbox 1740 3117 1812 3187; x_wconf 91' lang='lat' dir='ltr'><strong>p.</strong></span> <span class='ocrx_word' id='word_1_203' title='bbox 1846 3087 2018 3162; x_wconf 69' lang='lat'><strong>25⁶6.</strong></span> <span class='ocrx_word' id='word_1_204' title='bbox 2123 3093 2472 3162; x_wconf 87' lang='lat' dir='ltr'><strong>Emestius</strong></span> <span class='ocrx_word' id='word_1_205' title='bbox 2501 3092 2593 3161; x_wconf 90' lang='lat' dir='ltr'><strong>ad</strong></span> <span class='ocrx_word' id='word_1_206' title='bbox 2620 3092 2882 3162; x_wconf 85' lang='lat' dir='ltr'><strong>Gallim.</strong></span> 
     </span>
     <span class='ocr_line' id='line_1_26' title="bbox 654 3193 2885 3289; baseline 0 -24"><span class='ocrx_word' id='word_1_207' title='bbox 654 3194 727 3265; x_wconf 87' lang='lat' dir='ltr'><strong>h.</strong></span> <span class='ocrx_word' id='word_1_208' title='bbox 757 3193 914 3268; x_wconf 90' lang='lat' dir='ltr'><strong>Cer.</strong></span> <span class='ocrx_word' id='word_1_209' title='bbox 947 3193 1115 3270; x_wconf 79' lang='lat'><strong>138.</strong></span> <span class='ocrx_word' id='word_1_210' title='bbox 1144 3197 1515 3288; x_wconf 86' lang='lat' dir='ltr'><strong>quidquam</strong></span> <span class='ocrx_word' id='word_1_211' title='bbox 1546 3198 1727 3266; x_wconf 90' lang='lat' dir='ltr'><strong>aliud</strong></span> <span class='ocrx_word' id='word_1_212' title='bbox 1752 3220 1955 3287; x_wconf 90' lang='lat' dir='ltr'><strong>quam</strong></span> <span class='ocrx_word' id='word_1_213' title='bbox 1985 3205 2100 3264; x_wconf 89' lang='lat' dir='ltr'><strong>aut</strong></span> <span class='ocrx_word' id='word_1_214' title='bbox 2119 3205 2471 3289; x_wconf 90' lang='lat' dir='ltr'><strong>corruptos</strong></span> <span class='ocrx_word' id='word_1_215' title='bbox 2498 3205 2612 3265; x_wconf 89' lang='lat' dir='ltr'><strong>aut</strong></span> <span class='ocrx_word' id='word_1_216' title='bbox 2639 3220 2885 3265; x_wconf 88' lang='lat' dir='ltr'><strong>recen-</strong></span> 
     </span>
     <span class='ocr_line' id='line_1_27' title="bbox 653 3298 2883 3395; baseline 0.002 -30"><span class='ocrx_word' id='word_1_217' title='bbox 653 3298 905 3366; x_wconf 90' lang='lat' dir='ltr'><strong>tiorum</strong></span> <span class='ocrx_word' id='word_1_218' title='bbox 953 3323 1331 3391; x_wconf 88' lang='lat' dir='ltr'><strong>parumque</strong></span> <span class='ocrx_word' id='word_1_219' title='bbox 1372 3302 1830 3395; x_wconf 90' lang='lat' dir='ltr'><strong>probabilium</strong></span> <span class='ocrx_word' id='word_1_220' title='bbox 1887 3300 2289 3391; x_wconf 87' lang='lat' dir='ltr'><strong>scriptorum</strong></span> <span class='ocrx_word' id='word_1_221' title='bbox 2343 3301 2531 3368; x_wconf 90' lang='lat' dir='ltr'><strong>locos</strong></span> <span class='ocrx_word' id='word_1_222' title='bbox 2582 3301 2883 3371; x_wconf 86' lang='lat' dir='ltr'><strong>attulere.</strong></span> 
     </span>
     <span class='ocr_line' id='line_1_28' title="bbox 656 3392 2887 3496; baseline 0.002 -28"><span class='ocrx_word' id='word_1_223' title='bbox 656 3401 902 3489; x_wconf 83' lang='lat' dir='ltr'><strong>Neque</strong></span> <span class='ocrx_word' id='word_1_224' title='bbox 942 3403 1012 3469; x_wconf 89' lang='lat' dir='ltr'><strong>in</strong></span> <span class='ocrx_word' id='word_1_225' title='bbox 1052 3425 1324 3472; x_wconf 91' lang='lat' dir='ltr'><strong>censum</strong></span> <span class='ocrx_word' id='word_1_226' title='bbox 1364 3392 1588 3474; x_wconf 81' lang='lat' dir='ltr'><strong>retulit</strong></span> <span class='ocrx_word' id='word_1_227' title='bbox 1620 3406 1819 3472; x_wconf 86' lang='lat' dir='ltr'><strong>istam</strong></span> <span class='ocrx_word' id='word_1_228' title='bbox 1866 3402 2425 3472; x_wconf 83' lang='lat' dir='ltr'><strong>constructionem</strong></span> <span class='ocrx_word' id='word_1_229' title='bbox 2464 3404 2752 3496; x_wconf 88' lang='lat' dir='ltr'><strong>scriptor</strong></span> <span class='ocrx_word' id='word_1_230' title='bbox 2796 3403 2887 3472; x_wconf 86' lang='lat' dir='ltr'><strong>de</strong></span> 
     </span>
     <span class='ocr_line' id='line_1_29' title="bbox 658 3503 2887 3600; baseline 0.001 -28"><span class='ocrx_word' id='word_1_231' title='bbox 658 3506 918 3594; x_wconf 79' lang='lat' dir='ltr'><strong>syntaxi</strong></span> <span class='ocrx_word' id='word_1_232' title='bbox 965 3505 1034 3571; x_wconf 91' lang='lat' dir='ltr'><strong>in</strong></span> <span class='ocrx_word' id='word_1_233' title='bbox 1079 3506 1385 3576; x_wconf 90' lang='lat' dir='ltr'><strong>Bekkeri</strong></span> <span class='ocrx_word' id='word_1_234' title='bbox 1427 3508 1690 3577; x_wconf 87' lang='lat' dir='ltr'><strong>Anecd.</strong></span> <span class='ocrx_word' id='word_1_235' title='bbox 1739 3531 1814 3600; x_wconf 88' lang='lat' dir='ltr'><strong>p.</strong></span> <span class='ocrx_word' id='word_1_236' title='bbox 1864 3503 2041 3578; x_wconf 85' lang='grc'><strong>149.</strong></span> <span class='ocrx_word' id='word_1_237' title='bbox 2143 3506 2537 3575; x_wconf 86' lang='lat' dir='ltr'><strong>Novissimis</strong></span> <span class='ocrx_word' id='word_1_238' title='bbox 2593 3506 2887 3597; x_wconf 88' lang='lat' dir='ltr'><strong>denique</strong></span> 
     </span>
     <span class='ocr_line' id='line_1_30' title="bbox 656 3608 2887 3703; baseline 0.003 -30"><span class='ocrx_word' id='word_1_239' title='bbox 656 3608 1077 3699; x_wconf 87' lang='lat' dir='ltr'><strong>temporibus</strong></span> <span class='ocrx_word' id='word_1_240' title='bbox 1110 3610 1541 3680; x_wconf 84' lang='lat' dir='ltr'><strong>observatum</strong></span> <span class='ocrx_word' id='word_1_241' title='bbox 1566 3620 1667 3680; x_wconf 87' lang='lat' dir='ltr'><strong>est</strong></span> <span class='ocrx_word' id='word_1_242' title='bbox 1693 3635 1735 3678; x_wconf 93' lang='lat' dir='ltr'><strong>a</strong></span> <span class='ocrx_word' id='word_1_243' title='bbox 1761 3610 1915 3679; x_wconf 85' lang='lat' dir='ltr'><strong>viris</strong></span> <span class='ocrx_word' id='word_1_244' title='bbox 1947 3609 2187 3695; x_wconf 82' lang='lat' dir='ltr'><strong>doctis,</strong></span> <span class='ocrx_word' id='word_1_245' title='bbox 2242 3615 2361 3681; x_wconf 77' lang='grc' dir='ltr'><strong>ἴνα</strong></span> <span class='ocrx_word' id='word_1_246' title='bbox 2395 3617 2477 3678; x_wconf 82' lang='lat' dir='ltr'><strong>ut</strong></span> <span class='ocrx_word' id='word_1_247' title='bbox 2499 3611 2887 3703; x_wconf 85' lang='lat' dir='ltr'><strong>significans</strong></span> 
     </span>
     <span class='ocr_line' id='line_1_31' title="bbox 654 3710 2886 3805; baseline 0.002 -29"><span class='ocrx_word' id='word_1_248' title='bbox 654 3710 774 3777; x_wconf 92' lang='lat' dir='ltr'><strong>ubi</strong></span> <span class='ocrx_word' id='word_1_249' title='bbox 803 3734 960 3778; x_wconf 89' lang='lat' dir='ltr'><strong>cum</strong></span> <span class='ocrx_word' id='word_1_250' title='bbox 991 3713 1416 3783; x_wconf 86' lang='lat' dir='ltr'><strong>coniunctivo</strong></span> <span class='ocrx_word' id='word_1_251' title='bbox 1457 3722 1914 3797; x_wconf 86' lang='lat' dir='ltr'><strong>construatur,</strong></span> <span class='ocrx_word' id='word_1_252' title='bbox 1966 3714 2166 3781; x_wconf 91' lang='lat' dir='ltr'><strong>etiam</strong></span> <span class='ocrx_word' id='word_1_253' title='bbox 2198 3713 2600 3805; x_wconf 87' lang='lat' dir='ltr'><strong>particulam</strong></span> <span class='ocrx_word' id='word_1_254' title='bbox 2629 3713 2720 3785; x_wconf 71' lang='grc' dir='ltr'><strong>ἂν</strong></span> <span class='ocrx_word' id='word_1_255' title='bbox 2756 3714 2886 3781; x_wconf 92' lang='lat' dir='ltr'><strong>ad-</strong></span> 
     </span>
     <span class='ocr_line' id='line_1_32' title="bbox 659 3814 2886 3909; baseline 0.001 -29"><span class='ocrx_word' id='word_1_256' title='bbox 659 3815 987 3905; x_wconf 88' lang='lat' dir='ltr'><strong>spernari,</strong></span> <span class='ocrx_word' id='word_1_257' title='bbox 1036 3824 1112 3883; x_wconf 90' lang='lat' dir='ltr'><strong>ut</strong></span> <span class='ocrx_word' id='word_1_258' title='bbox 1147 3815 1621 3886; x_wconf 83' lang='lat' dir='ltr'><strong>aDoederlino</strong></span> <span class='ocrx_word' id='word_1_259' title='bbox 1660 3817 1732 3884; x_wconf 91' lang='lat' dir='ltr'><strong>in</strong></span> <span class='ocrx_word' id='word_1_260' title='bbox 1759 3820 1912 3887; x_wconf 91' lang='lat' dir='ltr'><strong>Act.</strong></span> <span class='ocrx_word' id='word_1_261' title='bbox 1947 3814 2139 3883; x_wconf 92' lang='lat' dir='ltr'><strong>Mon.</strong></span> <span class='ocrx_word' id='word_1_262' title='bbox 2168 3816 2225 3889; x_wconf 91' lang='lat'><strong>1.</strong></span> <span class='ocrx_word' id='word_1_263' title='bbox 2255 3840 2334 3909; x_wconf 90' lang='lat' dir='ltr'><strong>p.</strong></span> <span class='ocrx_word' id='word_1_264' title='bbox 2364 3814 2488 3889; x_wconf 69' lang='lat'><strong>37.</strong></span> <span class='ocrx_word' id='word_1_265' title='bbox 2522 3816 2610 3885; x_wconf 86' lang='lat' dir='ltr'><strong>ab</strong></span> <span class='ocrx_word' id='word_1_266' title='bbox 2642 3816 2886 3884; x_wconf 86' lang='lat' dir='ltr'><strong>Elms-</strong></span> 
     </span>
     <span class='ocr_line' id='line_1_33' title="bbox 655 3914 2964 4011; baseline 0.002 -28"><span class='ocrx_word' id='word_1_267' title='bbox 655 3917 788 3984; x_wconf 88' lang='lat' dir='ltr'><strong>leio</strong></span> <span class='ocrx_word' id='word_1_268' title='bbox 805 3916 896 3984; x_wconf 91' lang='lat' dir='ltr'><strong>ad</strong></span> <span class='ocrx_word' id='word_1_269' title='bbox 912 3914 1089 3985; x_wconf 88' lang='lat' dir='ltr'><strong>Oed.</strong></span> <span class='ocrx_word' id='word_1_270' title='bbox 1108 3918 1258 3988; x_wconf 89' lang='lat' dir='ltr'><strong>Col.</strong></span> <span class='ocrx_word' id='word_1_271' title='bbox 1281 3919 1456 3995; x_wconf 90' lang='grc'><strong>189.</strong></span> <span class='ocrx_word' id='word_1_272' title='bbox 1479 3923 1773 4011; x_wconf 86' lang='lat' dir='ltr'><strong>aliisque.</strong></span> <span class='ocrx_word' id='word_1_273' title='bbox 1830 3920 2201 3987; x_wconf 89' lang='lat' dir='ltr'><strong>Potuerant</strong></span> <span class='ocrx_word' id='word_1_274' title='bbox 2226 3921 2427 3988; x_wconf 90' lang='lat' dir='ltr'><strong>etiam</strong></span> <span class='ocrx_word' id='word_1_275' title='bbox 2452 3921 2886 3989; x_wconf 78' lang='lat' dir='ltr'><strong>indicativum</strong></span> <span class='ocrx_word' id='word_1_276' title='bbox 2955 3958 2964 3967; x_wconf 87' lang='lat'><strong>·</strong></span> 
     </span>
     <span class='ocr_line' id='line_1_34' title="bbox 660 4020 2886 4115; baseline 0.003 -29"><span class='ocrx_word' id='word_1_277' title='bbox 660 4026 730 4087; x_wconf 84' lang='lat' dir='ltr'><strong>et</strong></span> <span class='ocrx_word' id='word_1_278' title='bbox 770 4020 1145 4111; x_wconf 83' lang='lat' dir='ltr'><strong>optativum</strong></span> <span class='ocrx_word' id='word_1_279' title='bbox 1176 4024 1451 4093; x_wconf 86' lang='lat' dir='ltr'><strong>addere.</strong></span> <span class='ocrx_word' id='word_1_280' title='bbox 1558 4026 1716 4092; x_wconf 91' lang='lat' dir='ltr'><strong>Non</strong></span> <span class='ocrx_word' id='word_1_281' title='bbox 1745 4022 1961 4115; x_wconf 85' lang='lat' dir='ltr'><strong>magis</strong></span> <span class='ocrx_word' id='word_1_282' title='bbox 1990 4023 2166 4091; x_wconf 91' lang='lat' dir='ltr'><strong>enim</strong></span> <span class='ocrx_word' id='word_1_283' title='bbox 2206 4023 2277 4091; x_wconf 89' lang='lat' dir='ltr'><strong>in</strong></span> <span class='ocrx_word' id='word_1_284' title='bbox 2313 4023 2419 4092; x_wconf 84' lang='lat' dir='ltr'><strong>his</strong></span> <span class='ocrx_word' id='word_1_285' title='bbox 2446 4023 2635 4092; x_wconf 80' lang='lat' dir='ltr'><strong>verbi</strong></span> <span class='ocrx_word' id='word_1_286' title='bbox 2666 4022 2886 4092; x_wconf 89' lang='lat' dir='ltr'><strong>modis</strong></span> 
     </span>
    </p>
   </div>
   <div class='ocr_carea' id='block_1_6' title="bbox 653 4118 2918 4317">
    <p class='ocr_par' dir='ltr' id='par_1_6' title="bbox 653 4118 2918 4317">
     <span class='ocr_line' id='line_1_35' title="bbox 653 4118 2877 4294; baseline 0.003 -106"><span class='ocrx_word' id='word_1_287' title='bbox 653 4118 970 4294; x_wconf 55' lang='grc' dir='ltr'>ἓξὶἰοοῖιθο</span> <span class='ocrx_word' id='word_1_288' title='bbox 981 4127 1352 4215; x_wconf 84' lang='lat' dir='ltr'><strong>particulae</strong></span> <span class='ocrx_word' id='word_1_289' title='bbox 1386 4126 1478 4201; x_wconf 68' lang='grc' dir='ltr'><strong>ἄν</strong></span> <span class='ocrx_word' id='word_1_290' title='bbox 1522 4127 1718 4196; x_wconf 85' lang='lat' dir='ltr'><strong>certis</strong></span> <span class='ocrx_word' id='word_1_291' title='bbox 1751 4138 1820 4195; x_wconf 89' lang='lat' dir='ltr'><strong>et</strong></span> <span class='ocrx_word' id='word_1_292' title='bbox 1847 4147 1985 4195; x_wconf 89' lang='lat' dir='ltr'><strong>nou</strong></span> <span class='ocrx_word' id='word_1_293' title='bbox 2028 4125 2249 4271; x_wconf 82' lang='lat' dir='ltr'><strong>dubiis</strong></span> <span class='ocrx_word' id='word_1_294' title='bbox 2285 4127 2611 4220; x_wconf 84' lang='lat' dir='ltr'><strong>exemplis</strong></span> <span class='ocrx_word' id='word_1_295' title='bbox 2641 4126 2877 4196; x_wconf 83' lang='lat' dir='ltr'><strong>defen-</strong></span> 
     </span>
     <span class='ocr_line' id='line_1_36' title="bbox 748 4222 2918 4317; baseline 0.002 -24"><span class='ocrx_word' id='word_1_296' title='bbox 748 4248 848 4317; x_wconf 91' lang='lat' dir='ltr'><strong>po</strong></span> <span class='ocrx_word' id='word_1_297' title='bbox 915 4222 1019 4297; x_wconf 86' lang='lat' dir='ltr'><strong>rit.</strong></span> <span class='ocrx_word' id='word_1_298' title='bbox 2912 4244 2918 4249; x_wconf 84' lang='lat'>&#39;</span> 
     </span>
    </p>
   </div>
   <div class='ocr_carea' id='block_1_7' title="bbox 657 4262 2887 4538">
    <p class='ocr_par' dir='ltr' id='par_1_7' title="bbox 657 4262 2887 4538">
     <span class='ocr_line' id='line_1_37' title="bbox 858 4262 2878 4424; baseline 0.001 -27"><span class='ocrx_word' id='word_1_299' title='bbox 858 4324 1036 4398; x_wconf 85' lang='lat' dir='ltr'><strong>Illud</strong></span> <span class='ocrx_word' id='word_1_300' title='bbox 1069 4352 1228 4400; x_wconf 88' lang='lat' dir='ltr'><strong>vero</strong></span> <span class='ocrx_word' id='word_1_301' title='bbox 1262 4333 1561 4402; x_wconf 89' lang='lat' dir='ltr'><strong>omnium</strong></span> <span class='ocrx_word' id='word_1_302' title='bbox 1593 4322 1879 4401; x_wconf 82' lang='lat' dir='ltr'><strong>maxime</strong></span> <span class='ocrx_word' id='word_1_303' title='bbox 1910 4262 2216 4400; x_wconf 86' lang='lat' dir='ltr'><strong>mirabile</strong></span> <span class='ocrx_word' id='word_1_304' title='bbox 2251 4285 2383 4418; x_wconf 82' lang='lat' dir='ltr'><strong>est,</strong></span> <span class='ocrx_word' id='word_1_305' title='bbox 2435 4330 2625 4422; x_wconf 90' lang='lat' dir='ltr'><strong>quod</strong></span> <span class='ocrx_word' id='word_1_306' title='bbox 2649 4352 2878 4424; x_wconf 82' lang='lat' dir='ltr'><strong>gram-</strong></span> 
     </span>
     <span class='ocr_line' id='line_1_38' title="bbox 657 4429 2887 4538; baseline 0.001 -38"><span class='ocrx_word' id='word_1_307' title='bbox 657 4433 885 4502; x_wconf 90' lang='lat' dir='ltr'><strong>matici</strong></span> <span class='ocrx_word' id='word_1_308' title='bbox 901 4432 1103 4503; x_wconf 88' lang='lat' dir='ltr'><strong>etiam</strong></span> <span class='ocrx_word' id='word_1_309' title='bbox 1131 4429 1621 4531; x_wconf 77' lang='grc' dir='ltr'>αἰτιολογικόν</span> <span class='ocrx_word' id='word_1_310' title='bbox 1636 4434 2002 4527; x_wconf 87' lang='lat' dir='ltr'><strong>quemdam</strong></span> <span class='ocrx_word' id='word_1_311' title='bbox 2022 4434 2473 4538; x_wconf 81' lang='lat' dir='ltr'><strong>significatum</strong></span> <span class='ocrx_word' id='word_1_312' title='bbox 2496 4435 2694 4505; x_wconf 89' lang='lat' dir='ltr'><strong>huius</strong></span> <span class='ocrx_word' id='word_1_313' title='bbox 2714 4456 2887 4528; x_wconf 87' lang='lat' dir='ltr'><strong>par-</strong></span> 
     </span>
    </p>
   </div>
  </div>
 </body>
</html>
