3284 5159
1273 434 1445 497 LIB.
1487 432 1537 497 Ι.
1629 436 1819 497 CAP.
1862 442 1923 503 8.
2623 446 2711 513 85

496 605 721 688 Multo
749 620 964 689 minus
1002 620 1249 692 afferre
1280 622 1578 694 debebat
1617 626 1954 721 Reisig-ius
1986 628 2206 723 Soph.
2238 629 2492 705 Trach.
2528 631 2701 705 (ΠΖ.

800 774 1144 849 τοιοῦτον
1173 778 1578 902 ἐκβέβηκεν,
1632 778 1794 853 οἶον
1829 809 1921 853 αν
1950 777 2244 880 φράσω,

794 884 1157 970 γυναῖκες,
1210 878 1381 974 ὑμῖν
1407 877 1656 975 θαῦμ’
1689 878 2121 960 ἀνέλπιστον
2145 894 2443 982 μαθεῖν.

497 1026 656 1109 Quo
696 1029 905 1097 modo
949 1032 1096 1123 quis
1144 1055 1467 1122 umquam
1506 1033 1827 1126 loquutus
1873 1038 2023 1109 est?
2097 1041 2177 1110 In
2220 1042 2704 1114 Andromacha

492 1130 832 1224 Euripidis
860 1144 1085 1218 autem
1111 1158 1174 1204 v.
1201 1132 1375 1207 465.

798 1282 1140 1362 οὐδέποτ’
1188 1288 1281 1365 ἄν
1312 1288 1581 1385 δίδυμα

796 1388 1036 1489 λέκτρ’
1066 1393 1414 1467 ἐπαινέσω
1448 1393 1775 1491 βροτων,

489 1541 778 1611 metricis
835 1543 1070 1614 deberi
1114 1555 1405 1639 arguunt
1448 1546 1717 1617 codices
1732 1598 1754 1632 ‚
1803 1570 1939 1617 non
1980 1546 2308 1619 habentes
2346 1573 2501 1620 eam
2539 1574 2705 1646 par-

485 1644 777 1714 ticulam.
2427 1675 2436 1684 ’

696 1749 840 1818 Sed
867 1750 1228 1820 dicendum
1262 1752 1352 1823 de
1380 1750 1490 1838 τίς
1517 1781 1610 1829 αν
1640 1776 1798 1822 cum
1823 1753 2071 1829 futuro.
2171 1754 2253 1824 In
2286 1754 2525 1851 Eurip.
2549 1757 2702 1852 Iph.

487 1848 576 1921 T.
605 1850 777 1921 894.
807 1852 978 1922 haec
1003 1853 1350 1949 leguntur:

793 2034 902 2088 τις
930 1993 1022 2081 αν
1054 2004 1186 2081 οὖν
1215 2003 1393 2084 τοῖδ
1418 2035 1512 2082 αν
1540 2035 1585 2105 η
1559 1999 1790 2090 ’θεός
1819 2002 1868 2103 ἢ
1889 2000 2156 2104 βροτός
2179 2004 2230 2105 ἤ

790 2137 868 2182 τι
898 2109 1045 2182 τῶν
1069 2106 1481 2234 α’δοκήτων,

793 2239 1073 2308 απορον
1102 2208 1332 2312 πόρον
1363 2208 1745 2302 ἐξανύσας,

791 2319 995 2389 δυοῖν
1019 2324 1181 2390 τοῖν
1209 2322 1473 2411 μονοῖν
1505 2313 1931 2414 Ἀτρείδαιν
1964 2315 2188 2412 φανεῖ

790 2418 1023 2492 κακῶν
1052 2421 1377 2496 ἔκλυσιν·
1347 2475 1374 2513 ,

483 2571 822 2663 Reisigius
854 2594 982 2664 pro
1004 2595 1105 2658 ea,
1135 2595 1337 2664 quam
1366 2574 1490 2642 sibi
1516 2572 1680 2641 fecit
1702 2571 1996 2642 notione
2003 2568 2393 2662 particulae,
2419 2592 2491 2663 p.
2524 2568 2701 2646 loo.

483 2673 594 2754 τίς
622 2702 713 2747 αν
760 2680 980 2769 φανεῖ
1014 2675 1378 2744 absurdam
1418 2675 2016 2775 interrogationem
2058 2696 2205 2742 esse
2245 2672 2441 2761 dicit,
2493 2674 2701 2743 seid-

484 2777 762 2866 lcroquc
812 2779 1109 2864 accedit,
1178 2807 1270 2852 αν
1331 2780 1421 2850 ad
1476 2778 1908 2870 participium
1968 2770 2307 2859 ἐξανύσας
2359 2777 2695 2852 referenti.

480 2881 812 2948 Nimirum
853 2881 1106 2949 factum
1148 2892 1250 2951 est
1290 2883 1364 2951 id
1407 2881 1655 2952 eodem
1700 2881 1945 2964 modo,
1998 2900 2136 2969 quo
2177 2901 2383 2969 supra
2411 2879 2696 2949 vidimus

481 3005 678 3051 usum
705 2984 1218 3075 Thucydidem,
1271 2987 1427 3078 quia
1459 2986 1528 3053 in
1569 2994 1796 3053 mente
1832 2982 2129 3051 habebat
2155 2989 2398 3072 poeta,
2449 2980 2560 3063 τίς
2580 3010 2693 3057 ,αν

483 3081 617 3157 οὖν
649 3081 820 3158 τάδ’
850 3085 941 3159 ἄν
973 3081 1374 3169 ἐξανύσειεν
1386 3119 1410 3168 ,-
1460 3089 1585 3156 Ilia
1614 3089 1684 3155 in
1712 3086 2035 3181 opinione
2066 3082 2326 3153 defixus
2353 3083 2693 3179 Reisigius

481 3189 669 3281 apud
695 3188 1137 3260 Theocritum
1167 3192 1448 3260 XXVII.
1479 3190 1601 3263 38.
1628 3213 1798 3283 pro,

1136 3341 1304 3418 τίνα
1332 3371 1490 3429 κεν,
1541 3341 1713 3417 τίνα
1736 3339 1989 3437 μῦθον
2018 3334 2241 3435 ἐνίψω
2253 3352 2287 3430 ,’

480 3492 704 3562 Scribi
728 3495 914 3564 iubet
943 3493 1111 3569 τίνα
1160 3495 1301 3570 καί.
1401 3497 1498 3566 Αι
1525 3519 1662 3566 ιιοιι
1688 3494 1907 3587 magis
1940 3490 2234 3561 absurda
2270 3499 2371 3560 est
2400 3491 2547 3560 talis
2582 3493 2691 3561 in-

478 3599 882 3689 terrogatio,
935 3623 1138 3689 quam
1172 3623 1383 3691 quum
1410 3623 1531 3669 nos
1559 3622 1715 3669 wer
1738 3597 1930 3668 wohl
1960 3596 2070 3665 vel
2102 3617 2257 3664 wer
2282 3604 2475 3666 etwa
2516 3596 2691 3665 dici-

477 3722 646 3768 mue.
747 3701 826 3768 In
855 3702 1093 3796 Eurip.
1126 3703 1380 3772 Bacch.
1415 3701 1588 3772 639.
1616 3700 1996 3771 Brunckius
2027 3722 2067 3768 e
2099 3698 2260 3766 cod.=
2280 3697 2369 3769 Ε.

1131 3854 1212 3930 τί
1252 3852 1433 3931 ποτ’
1461 3854 1554 3929 ἄν
1585 3859 1661 3929 ἐκ
1689 3846 1973 3927 τούτων
2000 3852 2155 3948 ἐρεῖ
2153 3877 2190 3944 5

481 4007 706 4090 Quem
746 4029 886 4077 non
931 4008 1244 4095 dixerim,
1295 4020 1372 4078 ut
1415 4009 1805 4094 ElmsleiuS‚
1854 4026 1995 4125 non
2033 4003 2249 4096 magis
2277 4003 2576 4132 potuisse
2615 4004 2688 4072 in

1625 4206 2004 4233 oooooo

474 4337 593 4383 nes
617 4317 690 4384 in
649 4213 1039 4409 ”ctesiph
1057 4313 1150 4443 §3
1146 4315 1318 4388 155.
1346 4343 1419 4413 p.
1448 4244 1623 4387 542.
1650 4314 1882 4387 Reisk.
1908 4306 2084 4386 τότε
2112 4312 2250 4405 μὲν
2278 4308 2496 4385 ταῦτ’
2524 4304 2689 4408 ἐκή-

406 4417 425 4422 “
476 4443 779 4513 ρυττεν,
850 4415 1015 4495 ἀλλ’
1060 4413 1150 4495 οὗ
1205 4422 1379 4511 νῦν,
1448 4414 1635 4497 ἄλλα
1682 4441 2334 4517 παραστησαμενος
2376 4440 2512 4489 τον
2556 4415 2687 4510 τῆς

2116 4534 2177 4604 C
2222 4532 2272 4601 2
