3284 5159
542 418 632 482 24
1210 406 1329 474 DE
1396 403 1951 470 PAu'rlchA
1997 399 2088 471 ἄν

545 605 989 697 significatur,
1039 625 1177 672 non
1214 603 1282 670 in
1305 609 1653 695 tempore,
1706 598 1829 670 sed
1872 600 1941 668 in
1986 600 2102 686 iis,
2156 601 2270 691 qui
2301 602 2602 672 fecerunt
2633 602 2767 671 ali-

548 709 749 799 quid,
798 710 1094 801 positum
1131 714 1250 775 est.
1352 706 1644 797 Legitur
1667 704 1876 772 hodie
1904 702 2095 773 Iliad.
2131 732 2196 797 χ.
2231 705 2406 775 369.

1291 858 1500 934 ἄλλοι
1530 858 1605 933 δὲ
1637 858 2092 953 περίδραμον
2116 858 2262 941 υἷες
2285 855 2610 951 Ἀχαιῶν

560 1055 565 1058 ¹
755 968 834 1033 οἳ
853 961 971 1035 καὶ
1004 954 1370 1060 θηήσαντο
1402 955 1595 1060 φυήν
1623 961 1745 1036 καὶ
1768 958 1958 1043 εἶδος
1990 956 2259 1063 ἀγητόν

546 1075 561 1170 2
664 1067 676 1077 ’
735 1062 1111 1163 Ἕκτορος.
1202 1156 1210 1166 θ

543 1221 638 1290 At
688 1220 836 1309 quis
875 1221 986 1288 vel
1034 1219 1464 1288 mediocriter
1509 1223 1579 1289 in
1631 1221 1938 1290 Homero
1982 1226 2283 1289 versatus
2327 1220 2505 1290 haec
2548 1219 2722 1289 ferat
2736 1220 2771 1289 ἓ
2901 1235 2906 1241 ·

544 1325 723 1392 Nam
755 1323 978 1414 primo
1010 1321 1128 1394 καὶ
1167 1332 1236 1389 et
1257 1324 1795 1417 lang-uidissime,
1846 1334 1915 1393 et
1962 1333 2196 1391 contra
2234 1347 2494 1395 morem
2521 1333 2772 1415 poetae

546 1426 883 1494 adiectum
924 1433 1043 1493 est.
1149 1426 1358 1510 Quod
1400 1429 1515 1496 ubi
1551 1428 1644 1495 sic
1678 1429 1840 1519 poni
1887 1426 2208 1516 videt..r‚.
2242 1438 2318 1495 ut
2343 1428 2579 1519 paullo
2615 1437 2771 1494 ante

546 1552 610 1597 v.
646 1528 817 1597 364.
849 1539 918 1597 et
936 1528 1125 1599 Iliad.
1159 1557 1228 1599 α.
1265 1528 1440 1598 249.
1469 1530 1564 1598 ibi
1590 1524 1724 1602 τόν
1754 1529 1902 1618 καί,
1955 1529 2097 1602 τοῦ
2125 1529 2242 1600 καὶ
2269 1554 2407 1599 non
2432 1538 2586 1598 sunt
2601 1552 2771 1621 pro-

547 1632 821 1700 nomina
846 1633 1160 1719 relativa,
1212 1632 1333 1699 sed
1378 1632 1904 1702 demonstrativa
1922 1682 1943 1719 ‚
2006 1654 2230 1721 neque
2263 1634 2386 1705 καὶ
2427 1634 2523 1701 sic
2556 1632 2771 1701 adne-

550 1734 832 1803 ctendae
860 1735 1220 1803 sententiae
1240 1758 1494 1826 caussa,
1525 1735 1649 1804 sed
1669 1738 1801 1804 alio
1813 1736 1949 1803 fine
1963 1735 2299 1804 adiectum
2333 1744 2451 1804 est.
2505 1735 2772 1810 Deinde

546 1860 879 1928 nusquam
922 1838 1260 1905 Homerus
1302 1833 1486 1919 εἶδος
1519 1833 1792 1936 ἀγητόν
1838 1837 2002 1906 dixit
2019 1891 2040 1926 ‚
2092 1839 2220 1906 nisi
2265 1839 2445 1908 forte
2492 1840 2652 1928 quis‘
2679 1839 2773 1906 ita

548 1942 835 2033 accipiat
875 1938 1014 2011 od.
1052 1949 1106 2022 ξ.
1137 1937 1307 2009 ΙΠ.
1356 1964 1492 2032 quo
1523 1950 1751 2011 tamen
1790 1943 1946 2009 loco
1976 1963 2114 2008 non
2150 1942 2399 2026 minus,
2454 1964 2657 2030 quam
2700 1943 2774 2009 in

549 2045 850 2130 caeteriS‚
884 2044 1074 2111 Iliad.
1105 2044 1158 2116 ε.
1194 2040 1368 2112 787.
1400 2056 1476 2118 θ.
1495 2041 1670 2112 228.
1705 2071 1780 2116 ω.
1810 2041 1983 2111 3Ί6.
2013 2042 2082 2111 h.
2111 2043 2339 2135 Apoll.
2358 2040 2528 2113 198.
2560 2045 2770 2113 homo

545 2149 772 2239 potius
798 2148 949 2238 ipse
985 2142 1170 2225 εἶδος
1211 2140 1473 2242 οἷγητός
1513 2147 1773 2230 dicitur.
1872 2146 2056 2214 Vera
2096 2147 2428 2239 scriptura
2470 2148 2772 2238 praefixa

550 2258 653 2318 est
689 2249 944 2318 scholio
973 2248 1080 2318 ed.
1114 2247 1368 2322 Villois.
1404 2250 1523 2318 ubi
1562 2273 1736 2336 non,
1785 2256 1861 2318 ut
1890 2249 2197 2340 Heynius
2231 2250 2477 2337 refert,
2529 2256 2610 2321 οἲ
2647 2249 2772 2321 καί
2903 2298 2908 2303 -

551 2358 614 2440 ἑ,
664 2352 786 2421 sed
818 2359 901 2424 οἵ
915 2354 997 2426 κε’
1026 2358 1062 2423 ἑ
1086 2353 1411 2445 scriptum
1436 2361 1557 2422 es't.
1623 2353 1805 2422 Hinc
1836 2353 2065 2423 locum
2091 2351 2281 2424 illum
2315 2354 2411 2424 sic
2439 2375 2586 2423 esse
2614 2375 2769 2421 cor-

549 2454 909 2548 rigentium
937 2459 1170 2547 patet:

741 2616 844 2784 ,οὲ
857 2610 941 2683 κε’
961 2615 997 2682 ἑ
1024 2602 1443 2708 θηήσαντο,
1498 2605 1698 2710 φυήν
1727 2608 1847 2686 καὶ
1884 2605 2071 2692 εἶδος
2098 2604 2372 2709 ἀγητόν

842 2738 1088 2810 κτορα.

548 2867 885 2936 Particula
922 2866 1039 2935 illa
1065 2865 1178 2935 hic
1217 2868 1311 2935 ita
1352 2892 1494 2937 rem
1527 2870 1794 2961 saepius
1821 2868 2074 2938 factam
2104 2868 2472 2961 significat,
2522 2875 2598 2935 ut
2634 2889 2770 2934 non

549 2982 691 3039 tam
719 2970 808 3039 ad
848 2995 961 3057 ea,
1014 2994 1188 3060 quae
1225 2972 1584 3063 deinceps,
1641 2996 1847 3062 quam
1879 2973 1967 3040 ad
1998 2972 2111 3057 id,
2166 2972 2350 3062 quod
2399 2995 2441 3039 a
2469 2971 2770 3061 pluribus

552 3074 779 3163 simul,
832 3075 976 3141 aliis
1010 3083 1212 3163 atque
1245 3074 1667 3146 aliis'factum
1696 3076 1801 3163 sit,
1852 3077 2201 3144 referatur.
2308 3074 2571 3142 Eadem
2600 3072 2770 3140 ratio

550 3186 654 3244 est
678 3177 1038 3244 verborum
1061 3177 1700 3265 frequentativorum
1726 3181 2051 3251 εἴπεσκεν
2081 3187 2149 3245 et
2180 3171 2624 3274 ου’τήσασκεν
2653 3175 2770 3242 illo

548 3281 621 3347 in
652 3279 825 3347 loco.
904 3273 1292 3347 'Caeterum
1319 3303 1520 3347 nemo
1549 3303 1688 3348 non
1720 3281 1925 3369 videt,
1977 3281 2378 3373 particulam
2407 3279 2485 3351 κὲ
2515 3301 2650 3346 non
2680 3276 2773 3345 ad

547 3395 989 3474 pronomen,>
1028 3381 1149 3449 sed
1190 3382 1277 3449 ad
1307 3384 1592 3450 verbum
1620 3385 1978 3474 pertinere.
2080 3385 2259 3452 Nam
2295 3384 2351 3452 si
2392 3403 2772 3473 pronomen

550 3484 1142 3555 demonstrativum
1181 3486 1567 3572 substituas,
1617 3495 1804 3553 recte
1846 3486 2068 3573 dices»,
2120 3483 2336 3559 οὗτοι
2381 3486 2465 3558 δέ
2507 3490 2544 3557 ἑ
2577 3477 2773 3579 θηή-

551 3581 778 3659 σαντό
819 3614 918 3659 κε.
1024 3587 1409 3656 Simillimus
1454 3597 1556 3657 est
1607 3589 1904 3658 Platonis
1945 3591 2132 3657 locus
2178 3590 2245 3656 in
2306 3587 2515 3679 Apol.
2575 3587 2767 3655 Socr.

545 3713 618 3782 p.
659 3687 775 3757 18.
813 3689 894 3760 C.
923 3692 1175 3764 ἔπειτα
1206 3691 1385 3764 εἰσὶν
1423 3688 1633 3764 οὗτοι
1670 3696 1742 3762 οἱ
1773 3683 2164 3787 κατηγόροι
2195 3691 2447 3763 πολλοὶ
2476 3688 2596 3761 καὶ
2624 3713 2764 3759 πο-

548 3785 679 3865 λύν
709 3790 844 3889 ἤδη
886 3786 1149 3889 χρόνον
1186 3786 1781 3890 κατηγορηκότες,
1843 3794 1954 3865 ἔτι
2005 3792 2236 3866 δὲκαὶ
2281 3798 2358 3867 ἐν
2404 3784 2638 3886 ταύτῃ
2673 3787 2774 3884 τῇ

547 3892 788 3990 ἡλικίᾳ
816 3897 1140 3989 λέγοντες
1171 3889 1351 3991 πρός
1371 3894 1580 3986 ὑμᾶς,
1631 3899 1710 3980 ἐν
1739 3892 1785 3992 ᾖ
1808 3893 1899 3965 ἄν
1917 3887 2242 3986 μάλιστα
2274 3887 2768 3969 ἐπιστεύσατε,

544 4000 795 4085 παῖδες
826 3996 1062 4085 ὄντες,Δ
1106 3997 1289 4070 ἔνιοι
1323 3992 1396 4071 δ’
1428 3994 1632 4089 ὑμῶν
1657 3997 1776 4069 καὶ
1806 3990 2185 4093 μειράκια,
2241 3993 2553 4084 ἀτεχνῶς
2592 3986 2771 4089 ἐρή-

541 4125 694 4193 μην
724 4099 1293 4196 κατηγοροῦντες
1329 4095 1929 4192 ἀπολογουμένου
1967 4091 2280 4179 οὐδενός.
2369 4098 2772 4167 Demosthe-

546 4224 666 4269 nes
700 4202 788 4269 de
820 4224 1073 4270 corona
1094 4226 1165 4293 p.
1198 4201 1384 4291 301,
1416 4199 1536 4270 19.
1569 4196 1733 4273 ἀλλ’
1768 4197 1962 4294 ὅμως
2002 4197 2230 4280 οὐδεὶς
2264 4195 2557 4273 πώποτε
2587 4192 2774 4272 τού-

546 4330 695 4376 των
735 4298 1131 4384 deunana}
1176 4306 1432 4377 ἔδωκεν
1479 4297 1746 4377 ἑαυτόν
1787 4306 1885 4384 εἰς
1932 4299 2143 4376 οὐδὲν
2184 4303 2279 4392 τῇ
2309 4297 2552 4387 πόλει,
2604 4297 2771 4374 ἀλλ’
2852 4372 2862 4381 ,

549 4402 594 4479 o‘
623 4407 762 4500 μὲν
785 4400 1091 4505 γράφων
1127 4404 1256 4481 οὐκ
1303 4406 1395 4482 ἄν
1425 4403 1902 4507 ἐπρέσβευσεν
1920 4460 1949 4497 ,
2006 4403 2048 4479 ὁ
2082 4407 2159 4481 δὲ
2195 4400 2609 4504 πρεσβεύων
2641 4401 2771 4478 οὐκ
