3284 5159
623 418 754 484 160
1321 416 1436 477 DE
1505 413 2052 479 PARTICVLA
2096 410 2188 480 ἄν

624 614 778 694 ctae
815 602 1159 674 notatione
1200 617 1429 675 carent
1442 658 1465 695 ‚
1514 607 1604 676 ad
1649 607 1818 676 illud
1857 607 2230 699 praecipue
2259 614 2526 697 tempus
2570 600 2847 672 trahan-

596 716 775 796 sur,
827 707 1019 798 quod
1056 717 1293 779 natura
1325 733 1445 779 sua
1483 735 1593 780 res
1622 734 1760 779 non
1788 712 1999 780 factas
2036 710 2541 802 complectitur,
2590 708 2616 775 i
2669 730 2730 774 e.
2763 705 2852 773 ad

628 812 949 882 futurum.
1052 813 1157 882 Ita
1198 813 1457 883 factum
1499 824 1635 904 est,
1682 822 1758 882 ut
1802 815 2139 906 optativus
2186 836 2341 882 cum
2381 811 2714 905 particula
2758 807 2852 880 ἂν

630 916 1052 986 consociatus
1081 917 1286 986 fiituri
1313 918 1873 1011 significationem
1904 917 2161 1009 hahere
2194 917 2623 986 existimetur.
2659 972 2673 984 ,
2707 913 2853 984 Sed

627 1020 769 1089 hoc
806 1042 1081 1110 quoque
1127 1022 1224 1089 ita
1259 1032 1361 1091 est
1405 1030 1906 1113 comparatum,
1957 1029 2032 1090 ut
2069 1021 2293 1112 ipsum
2333 1020 2637 1088 futurum
2677 1027 2852 1088 tem-

630 1146 764 1215 pus
792 1146 940 1192 rem
966 1132 1039 1191 ut
1067 1135 1321 1195 certam
1350 1126 1695 1212 enunciet,
1747 1125 2083 1217 optativus
2128 1132 2196 1193 et
2241 1121 2334 1196 ἆν
2373 1132 2600 1191 autem
2628 1131 2706 1191 ut
2744 1133 2853 1189 ta-

629 1227 801 1311 lem,
854 1249 1029 1316 quae
1068 1226 1373 1297 videatur
1413 1229 1638 1297 futura
1685 1251 1832 1296 esse
1849 1278 1870 1315 ,
1931 1228 1988 1296 si
2028 1228 2386 1321 impleatur
2430 1226 2546 1295 illa
2590 1249 2677 1295 ex
2719 1247 2857 1316 qua

631 1329 890 1423 pendet
915 1329 1230 1404 conditio.
1329 1332 1431 1401 Ita
1457 1331 1782 1423 differunt
1810 1331 2019 1400 haec.

843 1480 895 1554 οἳ
948 1483 1062 1556 δεῖ
1103 1485 1499 1577 γενέσθαι,
1553 1485 1794 1558 ταῦτα
1847 1483 1968 1556 καὶ
2017 1477 2417 1604 γενήσεται.

848 1582 896 1658 ὅ
945 1612 1022 1658 τι
1071 1614 1189 1660 τοι
1241 1580 1616 1684 μόρσιμόν
1669 1592 1904 1676 ἐστιν,
1955 1579 2048 1658 vo*
2098 1581 2369 1680 γένοιτ’
2423 1580 2535 1654 ἄν.

637 1738 845 1807 Attici
873 1737 1148 1827 quidem
1164 1787 1184 1823 ,
1237 1740 1353 1830 qui
1391 1749 1616 1808 amant
1651 1739 1877 1808 omnia
1924 1737 2333 1817 dubitantius
2372 1737 2600 1805 dicere
2615 1784 2638 1821 ‚
2690 1755 2860 1825 prae

639 1842 920 1910 caeteris
954 1841 1091 1909 hoc
1123 1845 1402 1934 optativi
1434 1866 1560 1911 usu
1589 1842 2027 1911 delectantur.
2107 1840 2247 1926 Qui
2263 1841 2327 1909 si
2353 1858 2862 1928 nonnumquam

638 1944 841 2012 etiam
870 1966 1079 2034 quum
1122 1945 1288 2035 quid
1334 1947 1698 2015 certissime
1734 1945 2034 2014 futurum
2068 1944 2294 2013 dicere
2336 1943 2607 2028 volunt,
2661 1947 2863 2031 opta-

640 2047 850 2115 tivum
881 2048 1268 2139 praeferunt
1281 2101 1302 2135 ‚
1354 2073 1491 2118 non
1518 2059 1618 2117 est
1652 2072 1735 2116 ea
1769 2047 2183 2142 negligentia
2211 2045 2650 2116 existimanda
2664 2097 2685 2134 ‚
2738 2041 2865 2110 sed

639 2150 864 2241 figura
915 2152 1115 2218 etiam
1156 2152 1297 2219 aliis
1335 2153 1404 2220 iu
1452 2151 1722 2220 dicendi
1769 2151 2131 2244 generibus
2184 2149 2607 2219 usitatissima
2621 2196 2642 2232 ‚
2726 2167 2864 2235 qua

641 2252 853 2320 verba
885 2251 1306 2324 dubitationis
1341 2257 1568 2348 plena,
1607 2248 2051 2347 pronunciata
2078 2252 2583 2347 significantius,
2626 2248 2864 2316 fortius

643 2364 1043 2428 asseverant.

846 2454 983 2525 Hic
1018 2480 1180 2526 vero
1213 2459 1491 2549 optativi
1523 2483 1679 2529 cum
1708 2456 2121 2553 particula
2070 2485 2163 2532 αν
2194 2457 2530 2525 coniuncti
2559 2476 2721 2523 usus
2756 2452 2868 2522 vel

644 2581 775 2650 per
803 2581 876 2627 se
905 2559 1054 2651 ipse
1083 2560 1345 2652 prodit,
1397 2585 1517 2630 cur
1547 2562 1739 2631 haud
1770 2561 1970 2630 facile
2000 2560 2147 2649 quis
2163 2607 2185 2647 ‚
2236 2570 2311 2628 ut
2339 2559 2567 2629 futura
2583 2557 2866 2641 indicet,

645 2661 847 2730 futuri
888 2662 969 2729 sit
1013 2664 1309 2753 optativo
1356 2687 1610 2734 usurus.
1718 2666 1950 2749 Quum
1997 2662 2175 2731 enim
2222 2664 2358 2731 iam
2401 2655 2721 2758 γίγνοιτ’
2774 2657 2867 2731 ἂν

647 2772 718 2833 et
756 2761 1030 2856 γένοιτ’
1057 2764 1148 2836 ἄν
1180 2766 1270 2835 ad
1308 2790 1415 2835 res
1446 2768 1706 2836 futuras
1745 2768 2156 2850 referantur,
2210 2765 2378 2855 quid
2414 2787 2589 2858 opus
2617 2771 2721 2830 est
2760 2761 2871 2828 di-

650 2888 806 2935 cere
843 2860 1176 2962 γενήσοιτ
1190 2864 1388 2940 'dd
1437 2869 1622 2955 Quin
1659 2870 1713 2938 si
1744 2871 1894 2960 quis
1926 2871 2019 2937 ita
2045 2870 2472 2958 loqueretur,
2524 2866 2873 2936 videretur

650 2970 763 3038 ille
824 2971 1204 3059 praesentia
1257 2994 1338 3039 ac
1396 2974 1758 3064 praeterita
1807 2971 2194 3044 excludere.
2315 2970 2400 3040 Id
2453 2993 2621 3039 vero
2638 3019 2662 3056 ‚
2743 2967 2874 3036 nisi

650 3071 984 3160 quaedam
1016 3073 1217 3163 plane
1256 3075 1600 3168 singularis
1630 3078 1801 3143 ratio
1837 3076 1985 3143 fieri
2013 3076 2281 3163 iubeat,
2331 3097 2419 3144 ne
2472 3080 2666 3144 recte
2714 3071 2872 3161 qui-

653 3173 811 3240 dem
854 3171 1077 3241 faciat.
1177 3176 1356 3244 Nam
1396 3200 1571 3266 quae
1610 3177 1840 3246 futuro
1888 3177 2116 3267 aliquo
2147 3185 2461 3268 tempore
2507 3175 2661 3244 fieri
2700 3196 2872 3265 pos-

655 3284 837 3361 sunt,
889 3275 1087 3343 etiam
1111 3299 1287 3344 nunc
1318 3291 1599 3369 possunt
1623 3281 1804 3369 fieri,
1857 3289 1928 3348 et
1961 3290 2115 3348 ante
2140 3280 2322 3347 facta
2356 3302 2527 3349 esse.
2636 3277 2875 3361 Quare

654 3376 767 3442 vix
795 3387 964 3467 puto
998 3380 1303 3470 exempla
1341 3381 1510 3450 illius
1546 3384 2046 3451 constructionis
2067 3429 2089 3466 ‚
2142 3405 2319 3472 quae
2359 3405 2502 3451 non
2538 3380 2877 3467 mendosa

657 3477 821 3563 sint‚‘
882 3477 1220 3546 inventum
1272 3483 1368 3549 iri.
1471 3484 1679 3575 Apud
1736 3484 2260 3577 Aristophanem
2322 3485 2603 3577 quidem
2658 3484 2871 3574 Vesp.

657 3529 880 3651 109’4.
908 3582 1138 3661 recte
1120 3603 1253 3649 iam
1278 3585 1554 3676 legitur.

859 3725 946 3800 οὗ
996 3724 1135 3824 γοῖρ
1176 3727 1265 3824 ἦν
1316 3731 1488 3828 ἡμῖν
1539 3733 1725 3813 ὅπως

862 3831 1067 3926 ῥῆσιν
1120 3828 1203 3905 εὖ
1252 3836 1471 3916 λέξειν
1523 3838 1914 3930 ἐμέλλομεν
1964 3831 2132 3911 τότ’
2148 3896 2175 3930 ‚
2232 3837 2404 3915 οὐδὲ

864 3930 1430 4053 συκοφαντήσειν
1480 3931 1653 4010 ravo?

863 4026 1198 4128 φρόντις
1255 4033 1418 4110 ἀλλ’
1471 4037 1657 4120 ὅςτις
1707 4042 1949 4134 ἐρέτης
1999 4042 2097 4114 ἔ·-

860 4130 1051 4206 σοιτ’
1102 4132 1417 4231 ἄριστος,

655 4302 787 4375 pro
815 4272 895 4358 ὃς
923 4279 1043 4370 ἄν,
1098 4305 1179 4351 ex
1210 4285 1393 4354 libris
1423 4289 1591 4357 Rav.
1626 4300 1696 4357 et
1724 4291 1894 4365 Ven.
1927 4293 2043 4383 qui
2071 4291 2257 4376 ὅστις
2287 4293 2382 4369 ἄν
2418 4294 2654 4365 habet,
2733 4293 2882 4360 Mi-

656 4402 804 4449 rum
842 4404 1002 4450 vero
1048 4385 1250 4477 apud¹
1274 4387 1668 4483 Lycurgum
1705 4387 1780 4504 §f
1832 4389 1951 4463 15.
1994 4418 2066 4486 p.
2110 4395 2286 4468 149.
2329 4397 2571 4466 Reisk.
2618 4397 2884 4466 nullum
