3284 5159
529 435 613 498 12
1209 431 1328 494 DE
1370 428 1914 498 PARTICVLA
1956 425 2053 493 ἂν

521 621 765 693 ‘videte
815 619 997 691 zwez‘
1038 620 1508 704 beisamme'n,
1570 622 1760 692 sieht
1799 618 1888 714 ja
1931 622 2136 691 einer.
2163 621 2416 692 weiter
2456 622 2575 692 als
2608 622 2749 692 der

532 727 833 796 andere.
935 725 1018 796 ld
1053 747 1216 793 vero
1249 734 1350 793 est
1373 727 1547 811 eius,
1601 726 1718 815 qui
1750 726 2104 817 probabile
2136 735 2204 793 et
2228 737 2751 796 consentaneum

515 853 681 899 esse
728 828 922 914 dicit,
983 830 1078 896 ita
1113 830 1260 896 fieri
1278 880 1298 911 ,
1352 829 1473 896 etsi
1516 851 1674 896 non·
1697 829 1788 896 ait
1825 830 2030 920 plane
2074 828 2522 906 necessarium
2575 852 2744 899 esse.

513 934 689 1002 -Hoc
737 931 914 1001 enim
956 933 1011 1000 si
1057 933 1233 1020 vult,
1297 931 1662 1001 dicendum
1689 940 1823 1020 est,
1891 928 2291 1025 ἀναγκαίως
2328 926 2479 1028 πρό
2521 931 2566 1004 ὂ
2608 933 2750 1013 τοῦ

523 1029 841 1132 ἐνόησεν.

492 1133 496 1138 ’
731 1139 1050 1230 Apparet
1091 1161 1176 1208 ex
1222 1138 1362 1228 his,
1426 1146 1503 1207 ut
1546 1139 1822 1230 opinor,
1881 1144 1951 1205 et
1990 1136 2154 1227 quid
2195 1135 2512 1205 differant
2553 1137 2750 1229 ipsae

530 1243 899 1333 particulae
934 1245 1109 1311 inter
1148 1264 1332 1326 sese,
1384 1250 1454 1310 et
1479 1237 1645 1332 quid
1689 1242 1991 1333 singulae
2013 1240 2422 1331 oppositum
2471 1243 2751 1333 cogitari

532 1346 898 1437 postulent.
997 1345 1195 1430 Quae
1226 1347 1281 1414 si
1308 1347 1543 1437 paucis
1573 1343 2161 1436 comprehendere
2198 1345 2523 1430 volumus,
2576 1344 2752 1414 haec

533 1458 703 1517 sunt.
809 1448 1043 1533 Quum
1070 1450 1231 1529 ἴσως
1260 1450 1350 1516 ad
1381 1472 1501 1544 ea,
1553 1471 1731 1539 quae
1773 1455 2055 1540 possunt
2082 1447 2263 1529 fieri3
2315 1441 2461 1520 πού
2504 1448 2593 1515 ad
2629 1472 2753 1517 ve·-

534 1551 865 1633 risimilia3
917 1549 1010 1623 ἄν
1037 1559 1105 1618 et
1138 1552 1255 1624 κέν
1286 1551 1375 1619 ad
1416 1575 1533 1639 ea,
1584 1563 1762 1640 quae
1789 1551 2065 1618 fortuita
2091 1558 2274 1632 sunt,
2324 1550 2365 1620 i.
2407 1573 2467 1622 e.
2504 1574 2588 1619 ex
2624 1553 2753 1619 ali-

533 1677 671 1745 qua
701 1653 1085 1722 conditione
1111 1654 1453 1745 pendent3
1503 1654 1584 1726 τὲ
1616 1654 1907 1744 denique
1934 1653 2024 1719 ad
2052 1653 2432 1745 probabilia
2457 1661 2751 1745 spectet:

536 1758 983 1842 dubitantem,
1037 1757 1090 1824 si
1127 1759 1290 1836 ἴσως
1320 1757 1677 1841 adhibeat,
1730 1758 1822 1824 ita
1860 1758 2371 1838 confirmamus;
2435 1778 2580 1825 non
2629 1780 2752 1826 so-

536 1862 689 1930 lum
717 1868 966 1953 potest
993 1881 1170 1946 esse,
1221 1861 1360 1928 sed
1385 1870 1536 1941 σείς
1586 1861 1641 1926 si
1674 1853 1857 1931 πούε
1907 1882 2050 1927 non
2076 1860 2312 1928 solnm
2339 1860 2752 1949 verisimile,

510 1965 675 2034 -sed
698 1986 951 2032 verum
977 1971 1129 2045 est3
1177 1964 1234 2030 si
1265 1962 1356 2034 ἄν
1384 1965 1493 2032 vel
1523 1964 1677 2035 xs'm
1728 1985 1872 2030 non
1902 1964 2138 2031 solum
2166 1963 2577 2033 conditione
2609 1966 2754 2033 ali-

510 2091 710 2160 qua,
744 2067 883 2137 sed
911 2066 1194 2135 omnino
1225 2076 1339 2136 est
1348 2094 1374 2147 ,-
1414 2067 1467 2134 si
1494 2067 1618 2138 τε’.·
1647 2088 1791 2134 non
1819 2068 2053 2136 solnm
2070 2065 2463 2159 probabile
2491 2077 2563 2137 et
2580 2090 2753 2137 con-

535 2180 992 2258 sentaneum,
1044 2170 1178 2238 sed
1217 2169 1720 2240 necessarium
1766 2179 1897 2242 est.
1997 2229 2006 2236 ,

512 2333 517 2338 .
742 2275 905 2343 Non
934 2274 1054 2343 abs
1070 2296 1144 2341 re
1167 2273 1389 2367 fuerit,
1417 2274 1592 2370 haec
1622 2274 1825 2343 etiam
1853 2273 1983 2341 alio
2005 2273 2317 2366 exemplo
2335 2276 2753 2364 confirmare,

539 2374 790 2471 odyss.
822 2406 891 2451 α.
922 2374 1092 2447 197.

642 2525 970 2606 ἀλλ”ἔτι
1020 2555 1161 2604 που
1215 2524 1385 2618 ζωός
1432 2521 1901 2623 κατερύκεταὶ
1955 2526 2152 2626 εὐρέϊ
2194 2522 2460 2629 πόντῳ.

539 2684 700 2753 Non
742 2685 962 2776 potuit
1005 2682 1121 2750 hic
1153 2684 1264 2770 τέ,
1309 2691 1425 2751 aut
1468 2684 1656 2773 quod
1686 2685 1918 2775 paullo
1950 2685 2184 2753 fortius
2228 2695 2350 2774 est,
2403 2684 2523 2759 τοὶ
2569 2687 2753 2778 poni.

518 2788 694 2856 *Hac
740 2789 915 2856 enim
951 2787 1283 2879 particula
1314 2786 1637 2857 indicaret
1666 2787 2010 2875 Minerva,
2054 2811 2193 2857 non
2226 2789 2434 2857 modo
2484 2812 2612 2873 se,·
2633 2789 2770 2862 sed.

542 2892 745 2959 etiam
786 2890 1311 2975 Telemachum,
1385 2914 1588 2979 quem
1625 2891 2018 2981 alloquitur,
2099 2900 2357 2959 tantum
2392 2893 2631 2960 abesse
2681 2901 2758 2959 ut

541 3002 882 3064 mortuum
913 3002 1152 3086 putent
1195 2994 1544 3084 Vlyssem,
1594 3002 1672 3061 ut
1720 3017 1875 3061 eum
1920 2996 2146 3063 vivere
2181 3017 2426 3087 parum
2456 2994 2775 3082 dubium,

539 3099 749 3167 immo
771 3097 1131 3190 probabile
1163 3119 1310 3165 esse
1341 3096 1640 3167 credant.
1709 3096 1966 3165 Contra
1993 3099 2049 3165 si
2083 3101 2247 3178 ἴσως
2278 3098 2568 3183 dixisset,
2618 3121 2760 3166 non

541 3202 824 3270 multum
854 3200 1166 3291 profecto
1198 3201 1580 3268 contulisset
1612 3198 1702 3266 ad
1729 3201 2214 3268 consolandum
2232 3201 2757 3269 Telemachum:

541 3327 700 3374 nam
724 3304 873 3397 ipse
897 3303 1168 3387 sciebat,
1222 3302 1544 3392 quamdiu
1577 3325 1717 3370 non
1751 3312 2088 3371 constaret
2116 3303 2204 3371 de
2233 3314 2450 3372 morte
2481 3305 2758 3395 VlyssiS,

541 3408 821 3477 forsitan
850 3407 1074 3474 vivere
1099 3406 1307 3491 illum,
1342 3406 1538 3473 etiam
1561 3406 1869 3497 siparum
1897 3415 2072 3475 esset
2100 3408 2478 3476 verisimile.
2534 3407 2759 3475 Multo

543 3511 758 3580 minus
792 3509 1120 3601 particula
1163 3509 1281 3580 κὲν
1317 3507 1624 3576 adhiberi
1655 3510 1895 3600 potuit.
1998 3509 2102 3577 lta
2143 3510 2319 3578 enim
2353 3510 2761 3602 significaret

511 3614 878 3699 'Minerva,
930 3630 1003 3679 se
1048 3610 1120 3680 id
1153 3633 1453 3697 sumere,
1504 3620 1844 3703 tamquam
1876 3613 2066 3701 quod
2097 3636 2255 3681 casu
2285 3613 2593 3682 accidere
2624 3636 2762 3705 po-

456 3721 459 3724 ’
516 3716 779 3797 tuerit,
842 3715 1068 3783 vivere
1111 3714 1460 3803 Vlyssem,
1505 3714 1560 3781 si
1595 3737 1732 3782 non
1776 3716 2128 3807 periisset·
2161 3753 2166 3758 ·
2206 3716 2416 3801 Quod
2464 3717 2759 3785 Germa-

511 3820 693 3890 ·nice
724 3818 945 3903 dicaS,
996 3839 1082 3894 er
1132 3815 1278 3885 lebt
1317 3825 1508 3886 elwa
1544 3817 1749 3889 noch.
1849 3818 1945 3885 At
1983 3819 2160 3886 haec
2200 3828 2341 3886 tam
2373 3820 2555 3889 nulla
2594 3820 2762 3887 fuis-

458 3939 463 3944 “
508 3959 513 3966 ·
545 3932 648 3992 set
673 3919 1062 4008 consolatio,
1113 3928 1189 3987 ut
1219 3920 1420 3988 etiam
1446 3920 1745 3989 minuere
1777 3919 2118 4006 debuisset
2144 3929 2365 4014 spem,
2403 3945 2579 4014 quae
2612 3924 2759 3991 Te-

543 4022 856 4095 lemacho
884 4021 1251 4091 admodum
1282 4024 1526 4115 exigua
1553 4025 1785 4092 relicta
1815 4034 1980 4092 erat.
2081 4025 2193 4093 Ex
2229 4025 2333 4093 his
2357 4035 2582 4118 patet,
2634 4049 2760 4094 ne-

547 4126 835 4196 cessario
876 4115 1202 4194 utendum
1245 4127 1450 4195 fuisse
1482 4128 1815 4217 particula
1855 4123 2000 4200 πού
2013 4183 2041 4217 ,
2109 4152 2286 4218 quae
2330 4130 2487 4222 quia
2528 4129 2762 4221 prodit

544 4231 926 4301 Minervam
955 4229 1311 4297 verisimile
1343 4239 1584 4322 putare
1616 4230 1842 4298 viver'e
1877 4230 2215 4325 Vlyssem,
2270 4234 2412 4304 sola
2440 4233 2760 4304 Telema-

548 4335 754 4406 chum
784 4331 875 4400 ad
906 4331 1214 4402 eamdem
1241 4342 1468 4429 potest
1490 4324 1811 4402 fiduciam
1840 4331 2122 4430 erigere.
