3284 5159
1318 428 1495 491 LIB.
1541 426 1586 491 1.
1672 426 1974 496 CARS.
2113 495 2122 500 ,
2631 434 2716 498 81

498 622 776 691 fortuito
806 619 1027 688 factae
1070 641 1211 690 non
1253 618 1458 689 solius
1484 620 1830 712 praeteriti
1864 619 2191 710 temporis
2215 621 2499 713 propria
2516 669 2537 706 ‚
2588 622 2716 695 sed

501 724 869 794 communis
892 731 1279 818 temporum
1298 725 1597 791 omnium
1621 746 1770 793 esse
1792 724 2223 809 existimetur,
2248 746 2455 817 supra
2487 734 2717 795 osten-

499 830 740 897 dimus·
847 826 1058 911 Quod
1090 826 1144 894 si
1182 827 1237 894 is
1267 848 1425 894 usus
1467 825 1537 894 in
1573 834 1932 919 praesente
1963 834 2033 895 et
2063 827 2290 895 futuro
2333 836 2474 897 tam
2504 849 2718 919 rarus,

500 953 708 1022 quam
747 929 1124 1019 frequens·
1104 951 1175 996 m
1214 930 1589 1021 praeteritis
1629 939 1732 998 est
1748 978 1771 1019 ,
1821 951 1961 998 non
1990 938 2091 1000 est
2115 928 2193 998 id
2227 931 2506 1002 mirum.
2555 956 2718 1002 nar-

498 1036 791 1104 rationes
813 1033 989 1101 enim
1013 1031 1207 1100 fere
1187 1055 1256 1100 ιιι
1285 1033 1662 1125 praeteritis
1686 1041 2052 1105 versantur.
2101 1032 2247 1102 Sed
2275 1057 2485 1125 quum
2519 1038 2720 1106 etiam

500 1136 883 1232 praesentia
915 1136 1276 1225 futuraque
1306 1137 1560 1205 narrari
1586 1136 1878 1227 possint,
1928 1158 2068 1204 non
2095 1145 2351 1206 temere
2379 1136 2717 1231 damnem,

503 1240 715 1311 sicubi
749 1240 950 1308 etiam
992 1261 1149 1307 cum
1184 1237 1289 1307 his
1325 1241 1741 1331 temporibus
1761 1287 1783 1325 ‚
1834 1262 1918 1307 ea
1962 1239 2239 1329 quidem
2283 1241 2446 1335 lege
2486 1265 2624 1334 qua
2647 1244 2722 1312 in

502 1343 900 1437 praeteritis,
955 1339 1048 1414 ἄν
1091 1342 1519 1410 coniunctum
1546 1342 1941 1434 reperiatur.

710 1448 909 1514 Nunc
935 1444 1215 1535 quidem
1241 1467 1379 1513 non
1403 1445 1528 1513 nisi
1550 1467 1760 1514 unum
1781 1446 1850 1513 in
1885 1451 2215 1537 promptu
2239 1441 2468 1516 habeo
2495 1467 2720 1517 exem·

503 1552 695 1645 plum
709 1598 731 1636 ‚
783 1548 993 1639 idque
1033 1548 1234 1617 valde
1278 1547 1557 1617 dubium
1575 1601 1597 1639 ‚
1650 1548 1838 1641 apud
1877 1548 2261 1617 Isocratem.
2364 1549 2722 1621 Sublatum

508 1664 608 1723 est
630 1654 806 1723 enim
830 1652 899 1721 in
934 1650 1087 1720 cod.
1120 1651 1356 1721 Vrbin.
1390 1651 1528 1721 sive
1563 1652 1890 1721 librorum
1913 1648 2054 1719 fide
2070 1698 2093 1737 ‚
2147 1649 2288 1720 sive
2332 1652 2521 1742 quod
2556 1653 2721 1723 He-

504 1758 783 1827 liconius
828 1756 1109 1845 eiusque
1165 1754 1330 1823 socii
1379 1754 1564 1823 illam
1607 1754 2169 1823 constructionem
2209 1776 2347 1823 non
2388 1756 2723 1848 putabant

505 1859 857 1929 ferendam
898 1881 1067 1928 esse.
1163 1856 1248 1926 Ιιι
1270 1858 1702 1950 Panegyrico
1724 1857 1838 1927 ille
1881 1880 1940 1926 c.
1972 1854 2093 1926 48.
2129 1851 2202 1950 §.
2238 1856 2412 1926 214.
2438 1882 2512 1950 p.
2545 1859 2719 1929 1⁰2.

508 1964 614 2055 (p.
656 1961 832 2035 111.
867 1960 1123 2053 Lang.)
1174 1960 1265 2029 ad
1302 1960 1557 2030 bellum
1591 1961 1815 2030 Persis
1855 1957 2283 2029 inferendum
2330 1960 2721 2050 adhortans,

505 2066 612 2136 his
653 2066 874 2154 verbis
926 2066 1168 2134 utitur.
1217 2056 1445 2157 μόνος
1486 2056 1627 2158 γοῖρ
1676 2057 1890 2145 οὗτος
1930 2089 1972 2135 ο
2016 2055 2330 2154 πόλεμος
2373 2062 2722 2159 κρείττων

509 2162 787 2266 εἰρήνης
815 2166 995 2257 ἔστί,
1027 2166 1307 2264 θεωρίᾳ
1335 2166 1475 2260 μὲν
1504 2166 1788 2260 μᾶλλον
1817 2163 1882 2291 ἢ.
1896 2163 2245 2292 στρατείᾳ
2276 2161 2722 2263 προςεοικαῖς,

510 2267 958 2368 ἀμφοτέρως
992 2269 1071 2344 δὲ
1111 2270 1540 2366 συμφέρων,
1589 2268 1714 2342 καὶ
1758 2272 1913 2351 τοῖς
1948 2265 2252 2365 ἡσυχίαν
2293 2294 2499 2362 αγειν
2545 2276 2723 2363 βου-

509 2374 843 2465 λομένοις
887 2370 1008 2445 και
1068 2376 1222 2453 τοῖς
1272 2375 1617 2467 πολεμεῖν
1667 2369 2187 2494 ἐπιθυμοῦσιν.
2253 2372 2538 2453 ἔξεσται
2577 2365 2719 2469 γάρ

510 2476 604 2550 ἄν
618 2481 789 2556 τοῖς
796 2474 956 2598 ωμὲν
986 2470 1208 2556 οἷδεως
1245 2470 1345 2546 τοῖ
1387 2469 1689 2598 σφέτερ
1719 2470 1961 2548 αὐτῶν
1988 2472 2503 2599 καρποῦσθαι,
2568 2482 2725 2557 τοῖς

513 2576 589 2654 δ’
616 2579 690 2653 ἐκ
720 2605 867 2651 των
898 2573 1298 2675 ἀλλοτρίων
1326 2570 1692 2670 μεγάλους
1711 2569 2070 2658 πλούτους
2094 2570 2722 2690 κατακτήσασθαι.

515 2681 757 2751 Codex
783 2680 1072 2749 Vrbinas
1104 2682 1214 2774 εἴη
1249 2705 1388 2776 γαρ
1424 2707 1537 2753 αν.
1626 2681 1733 2750 Ac
1759 2702 1917 2749 sane
1943 2679 2225 2762 ἕξεσται
2254 2679 2465 2749 videri
2494 2671 2724 2773 potest

514 2808 600 2854 ex
629 2785 1174 2875 interpretatione
1196 2782 1267 2850 in
1288 2791 1545 2852 textum
1572 2783 1857 2867 venisse,
1905 2782 2301 2875 praesertim
2327 2805 2537 2872 quum
2566 2807 2723 2852 sae-

511 2889 664 2983 pius
688 2887 966 2979 vulgata
1002 2887 1238 2967 lectio,
1293 2886 1347 2954 si
1379 2884 1468 2954 ad
1505 2886 1660 2955 libri
1696 2885 2037 2956 Vrbinatis
2086 2886 2487 2978 scripturam
2507 2908 2722 2958 ,com-

515 2997 825 3085 paretur‚
907 2989 1464 3084 interpretationis
1511 2989 1810 3081 speciem
1867 3010 2039 3081 prae
2091 3009 2166 3056 se
2217 2987 2408 3057 ferat.
2522 2988 2723 3058 Patet

518 3116 682 3164 vero
698 3141 720 3178 ‚
766 3093 821 3161 si
857 3102 1043 3163 recte
1075 3117 1149 3163 se
1175 3092 1386 3161 habet
1422 3092 1706 3174 ἕξεσται
1740 3089 1871 3183 ἄν,
1913 3112 2194 3184 prorsus
2234 3089 2480 3159 eodem
2511 3091 2723 3160 modo

516 3198 771 3265 dictum
800 3219 982 3284 esse,
1029 3205 1106 3266 ut
1133 3195 1294 3293 ἐξῆν
1319 3193 1412 3268 ἄν
1448 3194 1817 3283 diceretur,
1868 3195 1924 3263 si
1953 3217 2061 3263 res
2088 3194 2215 3263 ista
2239 3202 2416 3264 esset
2449 3203 2724 3288 tempo-

513 3302 604 3370 ris
630 3299 992 3392 praeteriti.
1094 3299 1251 3369 Hac
1295 3299 1440 3367 sola
1477 3298 1772 3387 ratione,
1816 3298 1874 3367 si
1914 3297 2240 3388 scriptura
2268 3306 2454 3366 recte
2482 3322 2555 3367 se
2590 3298 2723 3367 ha-

515 3404 654 3490 bet,
708 3402 980 3472 defendi
1006 3403 1222 3495 possit
1245 3403 1436 3472 locus
1472 3400 1812 3471 Herodoti
1838 3400 1955 3469 111.
1983 3398 2152 3467 1⁰4.
2184 3404 2258 3473 οἱ
2286 3399 2363 3474 δὲ
2391 3393 2481 3496 δή
2502 3396 2726 3475 Ἰνδοι

514 3498 771 3625 τρόπῳ
798 3532 1114 3601 τοιουτῳ
1154 3503 1274 3579 καὶ
1314 3498 1536 3591 §sobet
1565 3497 1981 3627 χρεώμενοι
2011 3494 2393 3576 ἐλαυνουσι
2433 3501 2550 3577 ἐπὶ
2587 3530 2725 3577 τον

515 3634 788 3731 χρυσον
815 3608 1347 3702 λελογισμένως,
1382 3604 1576 3729 ὅπωςω
1597 3635 1691 3679 αν
1734 3598 2126 3699 καυμάτων
2152 3632 2299 3678 των
2333 3598 2725 3701 θερμοτά-

516 3738 663 3784 των
704 3704 972 3784 ἐόντων
1018 3713 1314 3786 ἔσονται
1359 3713 1437 3783 ἐν
1481 3708 1576 3805 τῇ
1619 3706 1927 3806 ἁρπαγῇ.
2048 3707 2289 3792 Quasi.
2323 3706 2545 3796 dicas,
2615 3717 2724 3800 ut,

520 3812 799 3907 quoties
823 3811 1259 3910 idsaciunt,
1288 3809 1602 3906 faciant
1622 3811 1926 3880 maxima
1911 3809 2228 3879 caloris
2263 3817 2609 3904 tempore.

717 3917 1010 3986 Alterius
1052 3916 1318 4011 generis
1332 3966 1354 4003 ‚
1404 3914 1474 3983 in
1520 3937 1658 4005 quo
1693 3942 1785 3989 αν
1823 3915 2122 3982 iunctum
2158 3912 2433 4002 quidem
2469 3913 2723 4014 futuro,

519 4018 644 4088 sed
675 4028 1130 4089 constructum
1157 4041 1314 4088 cum
1345 4018 1487 4086 aliis
1513 4017 1737 4086 verbis
1777 4025 1898 4105 est,
1950 4016 2164 4084 multo
2186 4016 2386 4109 plura
2413 4005 2726 4109 exempla

516 4122 966 4191 inveniuntur.
1015 4145 1304 4213 quorum
1330 4122 1453 4190 etsi
1480 4120 1798 4189 nonnulla
1828 4128 2136 4211 suspecta
2164 4126 2335 4206 sunt,
2365 4126 2592 4189 tamen
2613 4143 2725 4189 res

518 4225 667 4316 ipsa
693 4226 978 4296 maxime
992 4227 1259 4295 videtur
1287 4224 1495 4294 dubia
1513 4246 1682 4297 esse.
1734 4222 1945 4314 Apud
1962 4221 2324 4290 Pindarum
2346 4223 2542 4292 Nem.
2571 4223 2723 4294 vll.

522 4326 694 4396 10⁰.
712 4325 883 4420 (68)
902 4329 1112 4423 vulgo
1127 4329 1409 4422 legitur:
1451 4319 1723 4421 μαθών
1739 4326 1825 4402 δέ
1830 4351 1941 4405 τις
1955 4324 2047 4398 ἄν
2062 4328 2236 4416 ἐρεῖ,
2253 4328 2320 4398 εἰ
2344 4317 2494 4419 ποῖρ
2510 4326 2730 4418 μέλος

521 4429 835 4525 ἔρχομαι
863 4432 1122 4528 ψέγιον
1164 4430 1393 4531 ὄαρον
1419 4430 1749 4507 ἐννέπων.
1848 4425 2271 4519 Boeckhiu's,
2320 4436 2505 4498 recte
2546 4428 2724 4502 iudi-
