3284 5159
596 433 725 496 1⁰2
1266 428 1386 490 DE
1456 425 2015 490 PARTlcVLA
2055 421 2151 491 ἃν

606 620 807 690 etiam
834 619 906 686 in
930 617 1072 685 aliis
1100 617 1267 686 locis
1281 668 1303 705 ,
1353 626 1429 685 ut
1455 619 1526 685 in
1553 616 1692 685 hoc
1724 616 2063 686 Herodoti
2085 615 2266 687 vm.
2299 614 2420 685 18.
2471 617 2592 685 nbi
2615 614 2830 686 inter-

609 723 877 816 roganti
916 722 1100 812 regi,
1152 744 1239 788 an
1278 721 1504 809 aliqua
1538 722 1765 789 salutis
1809 722 1919 788 via
1951 721 2213 810 reliqua
2243 721 2362 805 sit,
2414 720 2832 812 gubernator

605 824 794 896 navis
838 824 1268 915 respondisse
1314 824 1590 893 dicitur:
1646 826 2002 912 δέσποτα,
2064 820 2191 896 οὐκ
2239 823 2438 896 ἔστιν
2487 821 2828 916 οὐδεμία,

611 931 682 1003 εἰ
715 921 823 1024 μῆ
853 927 1171 1000 τουτέων
1209 921 1586 1021 ἀπαλλαγή
1614 954 1727 1007 τις
1760 928 2058 1024 γένηται
2084 924 2230 997 τῶν
2258 926 2541 998 πολλῶν
2576 931 2824 1018 ε’πιβα-

608 1031 810 1104 τέων.
893 1026 1150 1099 Omnes
1174 1028 1289 1096 hio
1320 1030 1474 1098 libri
1501 1037 1774 1098 tuentur
1802 1030 1887 1100 εἰ.
1967 1028 2148 1096 Nam
2173 1027 2288 1101 hio
2315 1051 2588 1118 quoque
2617 1029 2832 1097 maior

615 1131 952 1224 quaedam
991 1132 1089 1200 vis
1139 1133 1536 1221 requiritur,
1602 1154 1807 1222 quam
1851 1153 2026 1219 quae
2071 1139 2172 1199 est
2221 1131 2292 1198 in
2332 1132 2666 1221 particula
2709 1131 2835 1226 ἦνε

611 1236 786 1323 nisi,
841 1235 1028 1324 quod
1059 1257 1300 1303 vereor
1333 1236 1596 1322 dicere,
1649 1234 1795 1304 hac
1834 1242 2206 1302 vectorum
2236 1235 2700 1304 multitudine
2740 1232 2834 1303 li·-

619 1339 978 1412 beremur.
1084 1339 1420 1406 Accurate
1462 1338 1752 1406 distinxit
1795 1337 2136 1406 Lucianus
2170 1336 2831 1411 Dial.meretr.V11.

621 1443 689 1512 1.
741 1442 830 1512 T.
865 1441 981 1514 111.
1036 1464 1111 1532 p.
1147 1438 1321 1528 296,
1357 1440 1480 1515 Ί3.
1536 1434 1723 1514 άλλα
1757 1431 2158 1558 προφάσεις
2188 1435 2336 1523 del,
2386 1438 2504 1511 ιιαι
2535 1437 2835 1528 ὕποσχέ·
2837 1493 2854 1507 .

619 1572 802 1629 σεις,
855 1543 971 1616 καὶ
976 1542 1274 1665 μακραὶ
1306 1542 1612 1632 ἐλπίδες,
1664 1540 1782 1614 καὶ
1806 1540 1992 1614 πολι)
2028 1534 2122 1614 το“
2172 1535 2327 1613 εὀὶν
2379 1540 2421 1614 o‘
2473 1568 2590 1613 πα
2612 1570 2656 1613 τ
2678 1536 2724 1636 η’
2746 1568 2834 1638 ρ,

616 1647 736 1720 καὶ
769 1649 858 1720 εἰ
892 1639 1205 1738 κύριος
1251 1648 1664 1739 γένωμαι
1699 1644 1876 1716 τῶν
1909 1637 2400 1736 πατρῴων,
2452 1644 2572 1715 καὶ
2604 1637 2842 1716 πάν-

616 1777 663 1822 τ
682 1778 730 1821 α
783 1743 912 1822 σά.
989 1747 1371 1816 Fortuitum
1412 1756 1514 1816 est
1542 1749 1755 1831 enim,
1809 1746 2080 1836 quando
2111 1744 2194 1812 sit
2221 1755 2418 1836 pater
2441 1747 2836 1831 moriturus3

613 1851 781 1922 illud
828 1858 1050 1919 autem
1092 1862 1167 1917 ut
1214 1860 1471 1919 certum
1522 1850 1812 1921 ostendit
1857 1849 2284 1935 adolescens,
2355 1848 2717 1939 aliquando
2762 1873 2836 1918 se

615 1956 827 2047 patris
878 1954 1057 2021 bona
1104 1976 1586 2045 possessurum.
1693 1952 1883 2021 Male
1917 1952 2014 2020 ibi
2055 1951 2331 2020 Belinus
2374 1953 2463 2020 de
2500 1952 2703 2021 Ballu
2745 1952 2842 2049 ἢν.

612 2080 745 2150 pro
780 2059 848 2128 εἰ
868 2057 1109 2147 reponi
1139 2057 1363 2125 voluit.
1470 2056 1739 2123 Eadem
1784 2055 1955 2123 ratio
1986 2054 2250 2123 videtur
2283 2079 2428 2123 esse
2456 2054 2652 2124 huius
2680 2057 2834 2135 loci,

613 2160 1048 2230 inPiscatore
1081 2156 1200 2226 22.
1235 2160 1322 2231 Τ.
1352 2160 1401 2227 Ι.
1459 2182 1534 2279 p.
1577 2153 1754 2244 592,
1800 2156 1924 2230 16.
1963 2156 2096 2229 κᾶν
2135 2183 2251 2229 σοι
2288 2157 2493 2250 δοκῇ,
2546 2151 2834 2231 κάκεῖνό

618 2288 764 2337 που
798 2256 1270 2356 παράβυσον,
1325 2288 1416 2343 ως
1448 2289 1487 2333 ο
1516 2262 1741 2353 μέγας
1768 2253 1950 2342 Ζευς
1980 2253 2249 2381 πτηνόν
2278 2287 2480 2380 αρμα
2518 2257 2835 2334 ἐλαύνων

615 2357 1187 2459 ἀγανακτήσειεν
1219 2361 1311 2435 ἄν
1329 2416 1357 2451 ,
1412 2365 1482 2435 εἰ
1510 2390 1612 2458 μη
1659 2359 1869 2444 οὗτος
1897 2355 2175 2458 ὑπόσχῃ
2216 2356 2349 2458 τήν
2384 2362 2597 2459 δίκην.
2702 2363 2837 2430 Vbi

619 2462 742 2535 e'tsi
772 2467 971 2533 etiam
1016 2466 1348 2555 optativus
1378 2466 1542 2556 poni
1569 2466 1823 2557 potuit,
1875 2475 2100 2533 tamen
2130 2466 2351 2556 aptior
2381 2465 2840 2535 coniunctivae.

618 2567 917 2653 videtur,
969 2589 1178 2656 quum
1200 2575 1379 2635 totus
1410 2568 1722 2660 dialogus
1753 2569 1843 2636 ad
1872 2567 2233 2637 vindictam
2265 2568 2657 2637 sumendam
2682 2577 2836 2636 ten-

618 2671 754 2740 dat.
856 2670 1181 2739 Distincte
1216 2670 1635 2739 coniunctivo
1670 2694 1823 2739 usus
1864 2679 1965 2739 est
1995 2670 2377 2762 Alciphron
2409 2672 2526 2739 111.
2559 2670 2680 2740 21.
2717 2670 2837 2738 ubi

616 2773 890 2860 mulier,
945 2773 1275 2865 capellam
1304 2773 1722 2872 negligentia
1751 2774 2037 2865 caprarii
2077 2797 2119 2840 a
2159 2775 2324 2865 lupo
2357 2784 2622 2864 raptam
2664 2773 2836 2843 scri-

614 2877 822 2961 benS,
872 2875 1102 2944 addit.
1155 2876 1517 2953 πέπυσται
1574 2876 1652 2948 δὲ
1698 2872 1909 2950 ουδὲν
1954 2901 2236 2948 τουτων
2289 2874 2330 2949 ὁ
2373 2872 2595 2974 ἀνήρ’,
2648 2878 2720 2950 εἰ
2757 2874 2838 2948 δέ

613 2972 871 3074 μάθῃ,
920 2971 1361 3074 κρεμήσεται
1391 2980 1528 3072 μὲν
1573 2983 1649 3052 ἐκ
1689 2978 1816 3074 τῆς
1853 2975 2151 3102 πλησίον
2179 2976 2430 3059 πίτυος
2476 2979 2518 3052 ὁ
2548 2987 2837 3072 μισθω-

613 3074 779 3170 τός,
835 3075 1057 3161 αὐτός
1089 3081 1166 3153 δὲ
1199 3076 1287 3152 οὐ
1327 3074 1692 3204 πρότερον
1735 3075 1986 3177 οἱνήσει
2024 3074 2266 3152 πάντα
2291 3076 2836 3175 μηχανώμενος,

617 3182 787 3280 πριν
833 3176 963 3261 τοῖς
1011 3207 1210 3275 παρα
1257 3184 1393 3254 τοῦ
1432 3176 1649 3256 λυκου
1683 3182 1878 3263 δίκας
1910 3175 2445 3273 εἱςπράξασθαι.
2549 3182 2641 3250 Et
2655 3182 2836 3302 ‘epi-

616 3286 791 3353 stola
821 3282 940 3351 31.
965 3285 1100 3352 ubi
1147 3285 1384 3351 mulier
1415 3285 1598 3352 urbis
1615 3333 1636 3370 ,
1689 3307 1893 3374 quam
1926 3283 2223 3352 nondum
2263 3284 2522 3353 viderat
2539 3333 2560 3370 ,
2610 3284 2837 3353 visen-

616 3387 747 3456 dae
785 3385 1030 3475 cupida
1061 3387 1323 3455 scribit:
1378 3389 1447 3459 εἰ
1468 3381 1597 3458 οὖν
1637 3412 1756 3458 σοι
1796 3380 2162 3480 πρόφασις
2193 3383 2373 3459 ὁδοῦ
2408 3387 2674 3460 ἄστυδε
2707 3387 2836 3479 γέ-
2938 3405 2944 3411 ’

614 3516 866 3585 νηται,
921 3484 1045 3582 ἧκε
1078 3482 1368 3570 ἀπάξων
1399 3488 1530 3559 νῦν
1555 3485 1762 3582 κάμέ.
1866 3488 2096 3555 Minus
2139 3489 2385 3580 cupide
2424 3491 2836 3579 loqueretur,

615 3592 670 3659 si
721 3589 808 3686 ἢν
855 3591 1224 3681 posuisset,
1278 3590 1343 3658 εἰ
1357 3589 1591 3683 sorte.
1697 3592 1934 3679 Nune,
1988 3613 2196 3679 quum
2242 3594 2311 3662 εἰ
2343 3590 2545 3678 dixit,
2600 3590 2837 3659 fortius

614 3701 814 3785 rogat
827 3743 847 3777 ,
901 3692 967 3760 si
1002 3700 1442 3784 praetextus
1492 3701 1832 3786 repertus
1855 3691 2100 3786 fierit
2113 3717 2137 3760 .-
2185 3694 2419 3761 metuit
2468 3694 2642 3761 enim
2660 3743 2681 3780 ,
2749 3716 2839 3761 ne

615 3795 1106 3887 praetermittat
1133 3796 1246 3863 ille
1282 3796 1576 3884 aliquam
1605 3796 2194 3887 opportunitatem.
2267 3795 2494 3888 Saepe
2525 3797 2643 3877 sic,
2687 3818 2837 3863 ma-·

496 3929 501 3934 ·
613 3899 790 3967 xime
835 3921 945 3989 ap.
990 3897 1460 3983 Aristotelem,
1515 3901 1583 3969 εἰ
1619 3919 2027 3990 praegresso
2081 3895 2173 3969 ἄν
2186 3951 2215 3986 ,
2237 3900 2335 3965 'ut
2376 3898 2465 3966 de
2510 3919 2720 3969 somn.
2769 3906 2842 3966 et

615 4001 797 4093 vigil.
851 4024 924 4091 p.
973 3996 1145 4068 685.
1198 4001 1285 4073 A.
1341 3999 1474 4072 κοῖν
1520 4002 1590 4072 εἰ
1635 4001 1863 4072 τοῦτο
1916 4002 2232 4095 γένηται.
2280 4000 2368 4067 de
2407 3999 2837 4091 Rep.11.1.

615 4125 690 4194 p.
726 4101 898 4169 312.
933 4102 1014 4172 C.
1067 4130 1200 4175 καν
1232 4104 1307 4174 εἴ
1327 4129 1517 4183 τινες
1548 4108 1793 4198 έτεραι
1827 4096 2273 4195 τυγχάνωσιν
2306 4096 2456 4174 ύπδ
2481 4131 2702 4176 τινων
2736 4105 2839 4175 εἰ·

620 4206 952 4382 ρὶῑμέναι.
1003 4204 1092 4273 11.
1142 4203 1209 4272 2.
1248 4220 1316 4297 p.
1348 4204 1520 4277 313.
1574 4204 1659 4277 C.
1702 4230 1927 4300 ωςπερ
1973 4231 2066 4278 αν
2109 4206 2180 4276 εἰ
2213 4197 2548 4299 σταθμός
2588 4208 2841 4278 πλεῖον

620 4335 654 4381 ε
697 4334 875 4403 κυσῃ
