3284 5159
1229 444 1404 509 LlB.
1453 443 1502 506 Ι.
1593 442 1781 506 cAP.
1826 448 1887 509 9.
2584 447 2669 510 47

448 636 778 720 debebat,
845 657 1003 702 cum
1053 634 1474 703 coniunctivo
1529 643 1984 704 constructum
2035 635 2149 722 sit,
2216 636 2424 704 semel
2477 633 2667 703 addi-

445 749 589 807 tum
636 738 938 805 habebat
998 737 1429 805 indicativum
1492 741 1873 833 ἐπικρατεῖ
1877 794 1907 827 ,
1975 760 2178 826 quem
2228 749 2413 806 recte
2470 738 2696 828 Grais-¹

444 836 700 910 fordins
747 864 903 908 cum
953 840 1273 909 Schowio
1322 843 1393 909 in
1445 840 1939 909 coniunctivum
1988 843 2285 911 mutavit.
2387 841 2470 909 In
2519 842 2666 910 Cli-

407 947 593 1013 ·niae
629 945 1038 1037 fragmento,
1093 944 1280 1034 quod
1321 966 1598 1013 numero
1647 941 1772 1018 66.
1828 953 1931 1013 est
1970 946 2041 1011 in
2081 945 2199 1012 illo
2252 945 2473 1037 capite
2513 944 2669 1013 Sto·

443 1049 634 1134 baei,
713 1071 844 1140 pro
911 1043 1059 1119 αἴκ’
1126 1044 1529 1141 ὀρθοπλοεῖ
1595 1047 1750 1120 cod.
1818 1048 1904 1120 A.
1971 1048 2287 1141 praebuit
2352 1046 2472 1119 καὶ
2537 1043 2667 1140 ὁρ·

445 1156 774 1225 θοπῖοεῖ.
876 1151 956 1219 ln
1005 1150 1354 1239 Archytae
1405 1150 1826 1242 fragmento,
1881 1147 2067 1240 (’Ῑιιοᾱ
2098 1160 2197 1220 est
2241 1150 2496 1228 ibidem
2540 1149 2662 1223 70.

443 1278 516 1346 Ρ
574 1252 698 1337 12,
750 1252 875 1325 48.
929 1262 1113 1321 recte
1165 1251 1623 1321 Gaisfordius:
1691 1251 1882 1347 φαμὶ
1948 1281 2087 1326 ταν
2154 1247 2430 1347 οἷρεταν
2480 1248 2665 1349 ἦμεν

445 1350 685 1429 ποττό
732 1385 835 1453 μη
890 1359 1446 1447 κακοδαιμονεῖν
1500 1349 1798 1442 ἱκανοίν,
1852 1383 1993 1428 ταν
2048 1355 2125 1429 δὲ
2175 1355 2430 1428 κακίαν
2481 1382 2666 1428 ποτ-

443 1487 533 1533 το
587 1486 689 1556 μη
741 1457 1225 1551 ευδαιμονεΐν,
1279 1461 1447 1531 αἴκα
1472 1485 1602 1538 τας
1633 1464 1821 1540 ἔξιας
1866 1453 2094 1539 αὐτας
2117 1457 2465 1554 κρίνωνες.
2520 1459 2666 1528 Le-

445 1564 738 1655 gebatur
774 1563 869 1630 ibi
911 1560 1285 1658 κρίνομες,
1339 1571 1408 1630 et
1455 1561 1524 1629 in
1571 1561 1726 1634 cod.
1783 1561 1868 1633 A.
1922 1560 2305 1656 anQvoepaeec
2410 1562 2527 1630 Sic
2559 1571 2667 1630 et-

443 1668 577 1734 iam
646 1667 714 1733 in
779 1665 1180 1757 Ecphantae
1247 1666 1401 1733 loco
1468 1663 1657 1757 apud
1721 1664 2092 1733 Stobaeum
2160 1665 2470 1738 XLVIII.
2540 1663 2663 1737 64.

443 1794 519 1862 p.
575 1768 760 1861 333,
815 1768 938 1841 34.
992 1768 1453 1837 scribendum:
1505 1766 1624 1839 καὶ
1676 1773 1830 1848 τοῖς
1878 1767 2016 1859 μὲν
2071 1765 2314 1849 ἄλλοις
2365 1762 2664 1865 οἷνθρω-

444 1899 630 1963 ποις,
657 1875 829 1945 αἴκα
855 1864 1398 1966 αμαρτοῖνωντι,
1434 1864 1804 1943 ὁσιωτατα
1802 1864 2192 1992 κάθαρσις
2221 1871 2664 1967 ἐξομοιωθῆ-

443 2004 581 2066 μεν
613 1981 765 2055 τοῖς
785 1967 1275 2094 ᾰρχᾷντεσσιν.
1327 1973 1462 2042 Vbi
1493 1972 1745 2040 editum
1772 1998 2303 2068 αμαρτανοντι.
2353 1975 2503 2042 Nec
2529 1974 2663 2040 du-

441 2078 810 2164 bitandum,
851 2077 1010 2167 quin
1034 2077 1103 2143 in
1129 2073 1235 2142 his
1261 2075 1853 2168 Pythagoreorum
1881 2075 2065 2166 apud
2096 2074 2367 2143 Galium
2387 2100 2462 2167 p.
2486 2075 2660 2150 712.

445 2180 599 2255 ἐπεὶ
653 2182 738 2253 δέ
781 2207 870 2250 κα
923 2184 1316 2273 γαμεῖται,
1370 2188 1440 2247 et
1487 2202 1559 2270 Ρ.
1601 2173 1779 2252 751.
1820 2204 1988 2251 αικα
2032 2171 2212 2274 χρή,
2266 2180 2662 2248 coniunctivi

442 2279 796 2401 γάμηται
815 2291 883 2350 et
933 2282 1072 2377 χρῇ
1120 2281 1495 2374 reponendi
1550 2282 1700 2355 sint.
1811 2279 1953 2350 Sed
2010 2304 2085 2374 p.
2141 2280 2314 2355 709.
2366 2282 2484 2350 ubi
2535 2292 2660 2368 est,

444 2389 612 2458 αἴκα
653 2378 930 2459 ταύτόν
985 2389 1142 2457 ἐστι
1193 2379 1553 2505 τοῖγαθον.
1586 2383 1706 2457 και
1757 2377 2017 2471 κακόν,
2071 2384 2502 2455 scribendum
2555 2389 2664 2458 αἴ·

441 2513 577 2582 περ
593 2543 621 2577 ,
674 2487 861 2577 quod
911 2488 1177 2579 saepius
1228 2488 1483 2557 ibidem
1533 2488 1605 2556 in
1651 2486 1890 2557 iisdem
1939 2487 2199 2576 verbis,
2240 2496 2322 2558 et
2369 2513 2444 2581 p.
2486 2489 2661 2563 708.

443 2589 616 2664 716.
668 2600 1083 2682 usurpatum.
1124 2613 1131 2618 ·

646 2696 958 2784 Denique
1009 2717 1095 2761 ne
1139 2693 1601 2763 desiderentur
1652 2692 1993 2762 indicativi
2040 2693 2328 2786 perfecti
2381 2718 2535 2764 cum
2568 2695 2663 2769 ἂν

443 2798 780 2866 coniuncti
832 2798 1180 2890 exempla,
1249 2796 1421 2866 haec
1473 2797 1814 2867 adiiciam:
1879 2795 2163 2866 Hesiodi
2211 2798 2397 2890 apud
2463 2800 2658 2873 Stob.
2769 2805 2794 2824 ⁴*

442 2901 664 2974 Serm.
716 2900 803 2973 11.
840 2899 962 2975 14.

544 3051 829 3151 ἔμμορέ
870 3080 992 3126 τοι
1044 3052 1302 3151 τιμῆς,
1358 3049 1436 3134 ὅς
1483 3047 1557 3125 κ’
1610 3053 1891 3148 ἔμμορε
1938 3049 2260 3145 γείτονος
2312 3053 2605 3130 ἐσθλοῦ.

442 3206 588 3277 Sed
635 3208 706 3275 in
755 3206 1040 3276 Hesiodi
1083 3206 1269 3275 libris
1299 3205 1389 3279 Ο.
1434 3216 1502 3275 et
1538 3204 1626 3278 D.
1674 3202 1849 3279 345.
1908 3215 2094 3276 recte
2138 3204 2310 3288 ὅςτ
2323 3204 2343 3227 ’
2380 3208 2661 3304 ἔμμορε

443 3312 785 3402 scriptum.
888 3310 984 3378 Et
1030 3310 1335 3400 Dionysii
1394 3310 1552 3382 Hal.
1618 3309 1690 3377 in
1757 3309 2041 3401 epistola
2104 3310 2195 3377 ad
2255 3312 2661 3403 Pompeium

443 3413 530 3482 de
561 3413 960 3540 praecipuis
1010 3413 1359 3482 Historicis
1410 3436 1483 3504 Ρ
1517 3410 1867 3500 786,14.
1923 3415 1994 3485 εἰ
2040 3410 2111 3488 δ’
2121 3411 2533 3534 1..υπερεῖδιεν
2581 3420 2659 3490 ἐν

441 3509 753 3601 τούτοις,
806 3513 927 3610 ἐφ
966 3515 1072 3596 οἶς
1111 3509 1414 3607 μαλιστ’
1455 3542 1547 3588 αν
1585 3509 2003 3603 ἐσπούδακε,
2056 3516 2183 3613 τῆς
2219 3544 2301 3590 τε
2331 3523 2659 3606 συμπλο-

440 3618 562 3713 κῆς
613 3646 759 3691 των
827 3620 1248 3739 φωνηέντων
1302 3611 1758 3747 γραμμάτων
1807 3617 1929 3690 καὶ
1977 3619 2103 3716 τῆς
2154 3619 2475 3715 κυκλικῆς
2526 3617 2658 3695 εὕ-

443 3720 792 3841 pv’fiplacae
812 3748 958 3794 των
1009 3713 1437 3847 περιόδων),
1480 3720 1601 3794 καὶ
1654 3720 1782 3817 τῆς
1832 3719 2237 3815 ομοειδείας
2275 3750 2433 3795 των
2486 3750 2660 3846 σχη-

437 3845 869 3936 ματισμων,
947 3818 1136 3896 πολυ
1191 3819 1507 3917 οἷμείνων
1577 3821 1669 3895 ἄν
1737 3818 1826 3920 ἦν
1879 3818 2098 3905 αὐτος
2147 3827 2419 3898 ἑαυτοῦ
2467 3854 2658 3899 κατα

440 3918 576 4014 τήν
629 3914 921 4020 φράσιν.
1027 3926 1197 4012 Quis
1247 3949 1411 3994 vero
1465 3926 1764 4014 dubitet,
1821 3927 2011 4047 'quin
2060 3929 2511 4020 expungenda
2576 3931 2659 3998 sit

437 4028 806 4119 particula,
900 4051 1038 4118 qua
1100 4028 1267 4099 nihil
1325 4052 1498 4123 opus
1554 4053 1702 4099 esse
1722 4079 1743 4118 ‚
1819 4030 1955 4098 iam
2012 4054 2054 4100 a
2108 4031 2460 4125 Stephano
2511 4044 2660 4102 erat

439 4129 819 4201 monitum?
994 4149 1001 4158 ·
