3284 5159
1262 421 1432 484 LlB.
1474 420 1526 484 1.
1609 420 1800 486 cAP.
1850 426 1913 488 6.
2609 424 2697 489 19

478 610 827 703 impletam
855 610 1025 680 fore.
1127 610 1329 682 Esset
1350 611 1421 681 id
1454 613 1726 683 omnino
1764 613 1891 702 ita,
1943 613 2092 684 siin
2116 610 2252 683 hoc
2280 636 2566 708 genere,
2617 622 2696 684 ιιι

477 716 549 782 in
586 716 799 783 altero
815 765 837 802 ‚
895 723 1154 783 certum
1193 715 1449 784 factum
1490 716 1958 809 respiceretur.
2059 717 2266 807 Atqui
2309 718 2383 786 id
2420 741 2548 786 nec
2593 718 2693 805 fit,

479 841 606 886 nec
633 818 781 886 fieri
810 825 1067 909 potest:
1105 818 1396 909 alioquin
1418 820 1488 888 in
1516 821 1701 888 omni
1732 829 1918 889 certo
1948 820 2133 889 facto
2161 819 2548 890 addendum
2580 843 2693 890 es-

481 929 584 989 set
638 918 731 992 ἄν
749 973 780 1008 ,
861 922 1021 1010 quia
1068 921 1234 989 nihil
1298 945 1581 1012 usquam
1633 923 1747 1010 fit,
1823 922 1949 992 nisi
1989 946 2222 991 caussa
2260 924 2345 992 sit
2386 947 2506 992 cur
2552 924 2689 992 fiat.

481 1024 947 1109 Quamobrem
972 1025 1040 1091 in
1053 1024 1128 1092 iis
1143 1033 1399 1094 tantum
1416 1026 1610 1094 factis
1635 1025 1752 1094 illa
1765 1026 2086 1115 loquendi
2111 1028 2281 1094 ratio
2311 1035 2691 1118 usurpatur,

480 1150 657 1216 quae
689 1148 821 1194 non
851 1150 1059 1194 unum
1089 1137 1346 1196 certum
1371 1129 1651 1217 factum,
1690 1128 1813 1198 sed
1841 1130 2040 1220 plura
2062 1128 2335 1213 incerta,
2385 1138 2461 1197 ut
2490 1129 2691 1220 quid-

481 1253 616 1319 que
666 1229 844 1297 forte
882 1230 1172 1315 factum,
1225 1231 1403 1300 forte
1454 1232 1658 1301 etiam
1685 1254 1824 1301 non
1854 1232 2107 1299 factum
2144 1240 2279 1318 est,
2332 1234 2689 1302 continent.

479 1333 559 1400 In
602 1332 706 1401 his
748 1332 956 1425 igitur
998 1334 1296 1402 conditio
1339 1358 1466 1404 nec
1506 1327 1800 1427 tempor'i
1841 1345 2028 1404 certo
2068 1356 2196 1402 nec
2237 1334 2336 1402 rei
2381 1334 2694 1404 adstricta

482 1444 615 1505 est:
664 1459 824 1504 nam
860 1437 928 1505 in
964 1438 1111 1505 solo
1144 1460 1304 1506 casu
1344 1448 1684 1524 versatur,
1738 1437 1922 1507 cuius
1959 1445 2197 1505 natura
2223 1437 2291 1504 in
2322 1459 2406 1506 eo
2436 1447 2537 1506 est
2559 1460 2691 1529 po-

481 1539 605 1607 sita
647 1547 723 1607 ιιι
773 1562 1008 1607 caussa
1049 1540 1210 1608 facti
1252 1542 1492 1629 lateat,
1543 1542 1800 1609 factum
1851 1549 2076 1609 autem
2095 1539 2332 1631 ,ipsum
2371 1541 2695 1632 impletae

479 1642 749 1733 ignotae
779 1642 1176 1711 conditionis
1204 1642 1683 1713 documentum
1710 1645 1813 1730 sit,
1862 1642 2251 1732 factumque
2283 1666 2462 1730 esse,
2517 1644 2573 1711 si
2614 1642 2696 1713 sit

478 1745 755 1831 factum,
804 1745 1231 1838 intelligatur.
1310 1748 1548 1838 Itaque
1578 1746 1766 1837 quod
1791 1770 1997 1839 supra
2031 1746 2398 1837 posuimus,
2451 1748 2696 1839 ἔλεγον

362 1859 371 1868 ’
481 1846 617 1936 ἄν,
672 1840 899 1921 ὁπότε
939 1875 1052 1929 τις
1087 1842 1400 1947 ἐρωτῴη,
1451 1850 1617 1919 nihil
1650 1859 1752 1918 est
1788 1850 1989 1938 aliud,
2042 1871 2268 1939 quam,
2319 1841 2546 1923 ὁπότε
2585 1874 2697 1929 τις

480 1943 783 2071 Zowvm'q·
807 1952 1093 2043 ἔλεγον,
1159 1954 1231 2024 εἰ
1271 1953 1559 2046 ἔλεγον,
1626 1953 1740 2021 vel
1784 1953 2070 2045 ἔλεγον,
2138 1944 2386 2031 ὁσάκις
2427 1952 2695 2042 ἔλεγον

480 2053 692 2139 Quod
732 2054 787 2124 si
824 2054 1116 2123 conditio
1157 2054 1250 2123 ita
1278 2064 1381 2125 est
1419 2077 1575 2126 cum
1614 2055 1767 2148 ipso
1799 2054 1983 2123 facto
2030 2052 2412 2141 coniuncta,
2464 2054 2581 2120 ιιι·
2562 2075 2697 2120 ιιιι-

475 2157 731 2249 pletam
763 2180 911 2226 esse
937 2180 1076 2226 non
1100 2158 1225 2227 nisi
1252 2181 1336 2227 ex
1363 2158 1595 2227 facto
1574 2181 1729 2251 lpso
1758 2164 2227 2251 cognoscatur,
2279 2178 2695 2246 consequens

479 2269 618 2346 est,
672 2282 1102 2351 quocumque
1144 2262 1214 2330 in
1252 2269 1572 2353 tempore.
1610 2262 1869 2329 factum
1904 2260 2069 2329 illud
2116 2260 2442 2345 colloces,
2482 2247 2697 2327 etiam

480 2364 930 2436 conditionem
969 2386 1126 2433 cum
1163 2386 1247 2433 eo
1276 2366 1698 2433 coniunctam
1730 2364 1901 2433 fore.
2010 2362 2286 2447 Quare
2268 2385 2336 2429 m
2369 2362 2506 2429 hoc
2542 2361 2695 2450 qui-

479 2466 635 2544 dem
683 2489 937 2561 genere
981 2467 1145 2536 nihil
1185 2476 1322 2555 est,
1376 2468 1560 2558 quod
1590 2467 1987 2559 prohibeat,
2042 2465 2206 2555 quin
2252 2473 2321 2533 et
2358 2466 2533 2557 λέγω
2579 2461 2696 2554 ἄν,

479 2578 548 2637 et
574 2571 741 2651 λέξω
788 2568 880 2642 ἄν
909 2579 1096 2639 recte
1139 2570 1272 2639 dici
1297 2570 1771 2639 existimentur.
1874 2569 1971 2638 Vt
1998 2566 2183 2659 quod
2215 2566 2403 2660 apud
2429 2565 2695 2638 Aristo·-

475 2672 776 2769 phanem
801 2679 936 2761 est,

804 2823 926 2899 καὶ
959 2831 1119 2907 vare
1147 2820 1489 2922 ἄδελφαῖς
1520 2816 1885 2922 ἀγοράσαι
1910 2813 2254 2915 χιτώνιον

807 2930 1166 3003 ἐκέλευσεν
1192 2926 1285 3001 ἄν
1297 2983 1328 3020 ,

476 3079 643 3171 quid
676 3080 949 3150 tandem
1001 3104 1275 3151 caussae
1310 3105 1459 3151 esse
1493 3080 1791 3150 dicamus
1806 3129 1828 3165 ,
1881 3099 2001 3146 cnr
2015 3126 2037 3164 ,
2086 3073 2144 3145 si
2188 3073 2430 3145 eadem
2476 3097 2586 3144 res
2617 3082 2694 3144 nt

477 3207 654 3274 quae
696 3208 876 3256 nunc
920 3185 1075 3272 fiat,
1125 3186 1235 3254 vel
1281 3186 1442 3254 olim
1477 3185 1699 3253 futura
1745 3184 1863 3267 sit,
1914 3189 2255 3270 narretur,
2304 3200 2445 3248 non
2480 3179 2694 3269 possit

476 3288 613 3356 dici
646 3281 915 3361 κελεύει
949 3286 1073 3365 ἄν,
1127 3290 1240 3356 vel
1271 3278 1588 3363 maweu
1621 3280 1773 3360 dv?
1820 3286 2038 3353 Immo
2064 3283 2177 3351 vel
2212 3304 2297 3350 ex
2329 3303 2412 3350 eo
2442 3280 2514 3348 id
2544 3282 2692 3349 col-

474 3391 644 3483 ligas
660 3440 682 3478 ,
733 3390 973 3494 quod
952 3411 1020 3459 ιιι
1051 3390 1187 3459 hoc
1216 3414 1473 3486 genere
1500 3389 1939 3483 praeteritum
1967 3396 2236 3477 tempus
2280 3407 2416 3453 non
2444 3392 2692 3475 potest,

475 3504 550 3562 ut
590 3495 660 3562 in
697 3477 946 3579 altero,
999 3494 1189 3584 quod
1237 3505 1340 3564 est
1368 3494 1765 3563 conditionis
1805 3513 1941 3559 non
1973 3490 2324 3581 impletae,
2375 3495 2580 3577 atque
2621 3487 2691 3555 in

474 3620 551 3665 re
580 3618 717 3664 non
751 3596 933 3664 facta
960 3605 1282 3683 versatur,
1314 3597 1405 3665 ad
1438 3596 1819 3689 praesentia
1846 3602 1914 3662 et
1941 3593 2164 3661 futura
2192 3590 2518 3676 adhiberi,
2566 3588 2690 3658 sed

475 3701 670 3769 unice
705 3697 1123 3775 continetur
1104 3723 1172 3767 ιιι
1207 3700 1599 3792 praeteritis.
1652 3700 1779 3767 His
1811 3696 1975 3765 nihil
2002 3693 2183 3764 aliud
2206 3716 2381 3762 nunc
2414 3691 2689 3783 quidem

476 3803 752 3871 efficere
806 3803 962 3871 volo
979 3852 1000 3889 ,
1067 3825 1273 3892 quam
1316 3813 1393 3871 nt
1439 3826 1576 3872 non
1628 3800 1867 3871 rationi
1909 3820 2293 3891 repugnare
2337 3794 2689 3864 ostendam

472 3904 847 3997 particulae
903 3934 995 3978 αν
1040 3905 1112 3973 ἰιι
1165 3893 1449 3999 impleta
1499 3905 1883 3974 conditione
1925 3898 2483 3971 consociationem
2530 3919 2689 3966 cum

471 4007 842 4099 praesentis
899 4008 1240 4099 futurique
1282 4010 1676 4078 indicativo:
1748 4026 1834 4075 ex
1881 4026 2020 4095 quo
2069 4003 2531 4092 consequitur,
2598 4023 2688 4070 ne

470 4111 855 4202 perfectum
901 4110 1180 4200 quidem
1241 4106 1740 4183 excludendum
1803 4131 1970 4178 esse.
2069 4105 2225 4176 Alia
2271 4128 2378 4173 res
2428 4112 2563 4189 est,
2628 4104 2685 4172 si

472 4235 669 4282 usum
714 4223 1121 4307 spectamus.
1226 4214 1452 4285 Multa
1495 4215 1704 4303 enim,
1766 4209 2071 4304 quamvis
2128 4216 2315 4276 recte
2358 4207 2682 4292 dicantur,

471 4338 612 4384 non
641 4327 792 4386 sunt
813 4325 1042 4387 tamen
1066 4318 1342 4389 usitata:
1389 4328 1625 4389 contra
1654 4325 1807 4388 sunt
1817 4314 2051 4403 -etiam,
2081 4334 2257 4403 quae
2287 4333 2443 4380 usus
2472 4332 2684 4402 prava

338 4505 341 4508 Ι
471 4421 825 4513 receperit.
928 4423 1024 4493 Et
1049 4424 1332 4515 poterit,
1383 4424 1438 4493 si
1468 4424 1617 4514 quis
1658 4426 1866 4516 negat
1893 4439 2021 4486 usu
2066 4414 2498 4505 comprobari
2535 4411 2683 4480 illas

2104 4531 2272 4603 ΒΖ
