3284 5159
1248 375 1511 438 L1B.1.
1603 374 1797 437 cAP.
1844 377 1950 442 12.
2497 380 2502 385 ’
2643 379 2731 443 65

498 565 919 658 docidemp.
969 563 1089 633 11.
1146 563 1354 655 (106.
1397 561 1468 661 §.
1510 563 1631 637 21.
1682 566 1944 657 Bekk.)
1986 566 2161 687 φέρε
2192 559 2281 657 δη
2308 564 2599 659 τοίνυν,
2653 571 2725 642 εἰ

498 669 618 741 καὶ
650 666 692 740 o‘
720 662 964 765 πατήρ
1001 661 1344 761 ἐβούλετο
1377 668 1810 761 ὑπομένειν,
1865 697 2037 750 τους
2065 667 2315 762 φίλους
2344 698 2436 742 αν
2469 672 2720 745 οἴεσθε

499 771 548 868 ἢ
577 774 992 868 ἐπιτρέπειν
1027 766 1233 865 αὐτῷ
1264 776 1550 863 μένειν,
1603 771 1653 870 ἤ
1676 765 2209 894 ἐγγυήσασθαις
2260 768 2427 846 α’λλ
2465 770 2596 848 οὐκ
2627 773 2720 846 ἄν

498 881 1030 968 παραιτεῖσθαι
1063 874 1183 945 καὶ
1209 877 1501 950 δεῖσθαι
1534 871 1858 995 α’πιέναι,
1914 872 2100 951 ὅπου
2129 904 2221 948 αν
2253 876 2544 964 ἔμελλεν
2574 873 2719 949 αὕ-

498 1004 625 1056 τος
651 970 1187 1096 σωθήσεσθαι,
1219 982 1355 1070 ἐμέ
1375 1007 1456 1052 τε
1484 974 1614 1051 οὐκ
1649 974 1985 1063 α’πολεῖν,
2036 977 2079 1045 i·
2117 1002 2175 1047 e
2226 976 2719 1071 ubisuturum

499 1088 688 1161 erat,
719 1089 798 1149 ut
817 1088 889 1148 et
919 1079 1075 1172 ipse
1101 1083 1398 1151 servari
1412 1091 1696 1175 posset,
1731 1091 1803 1152 et
1833 1107 1949 1153 me
1981 1103 2125 1150 non
2132 1083 2479 1175 perdere.
2536 1084 2718 1153 Cae-

497 1193 719 1251 terum
735 1184 1183 1252 Schaeferum
1206 1185 1274 1253 in
1304 1184 1540 1254 Melet.
1579 1210 1669 1257 cr.
1692 1210 1764 1278 p.
1805 1185 1975 1255 131.
2005 1186 2343 1254 brevitatis
2364 1186 2587 1255 studio
2610 1187 2719 1255 di·-

499 1288 672 1356 xisse
701 1296 869 1377 puto
900 1288 1194 1375 ἕμελλεν
1226 1287 1420 1381 fungi
1445 1290 1597 1357 vice
1621 1291 1993 1382 particulae
2025 1285 2149 1367 ἄν,
2192 1298 2397 1379 atque
2424 1290 2719 1381 ἔμελλεν

435 1459 440 1464 .
501 1383 856 1462 δύσεσθαι
891 1389 1078 1458 idem
1123 1413 1268 1458 esse
1320 1392 1507 1482 quod
1549 1393 1674 1466 ἔδυ
1728 1390 1844 1464 ἄν.
1948 1391 2129 1459 Nam
2184 1401 2259 1459 ut
2301 1415 2507 1483 saepe
2542 1393 2718 1461 haec

494 1501 884 1584 permutare
927 1494 1144 1585 possis
1162 1543 1183 1578 ,
1235 1503 1309 1562 ut
1349 1496 1417 1563 in
1444 1496 1560 1564 illo
1599 1518 1841 1586 versu,
1894 1494 1983 1563 de
2011 1517 2150 1585 quo
2186 1494 2521 1586 disputat,
2575 1494 2717 1566 Or-

494 1594 712 1686 phei'
693 1618 762 1663 m
786 1597 1049 1689 Argon.
1083 1592 1307 1666 1257.

598 1745 650 1848 ἦ
680 1744 873 1840 τοῖχα
906 1748 1027 1821 και
1058 1744 1367 1823 δύσεσθ
1395 1743 1648 1846 Αργοῖ
1669 1744 1860 1823 κατοῖ
1881 1745 2140 1843 βένθε’
2171 1751 2493 1842 ἔμελλεν,

495 1895 724 1972 tamen
748 1902 886 1971 hoc
915 1903 1249 1995 significat
1264 1902 1615 1996 peritura
1640 1912 1843 1993 erat,
1894 1904 2064 1973 illud
2095 1912 2320 1971 autem
2346 1902 2713 1996 periisset.

493 2007 622 2076 Illo
655 2006 929 2096 quidem
958 2007 1029 2074 in
1057 2029 1259 2075 versu
1290 2008 1344 2075 si
1373 2006 1785 2077 Schaeferus
1814 2007 2013 2076 scribi
2040 2008 2367 2093 iussisset,

595 2157 719 2232 ’καὶ
747 2152 937 2250 τάχα
967 2185 1089 2232 κεν
1120 2151 1425 2234 δύσεσθ’
1447 2152 1698 2257 Ἀργοῖ
1724 2152 1917 2232 κατοῖ
1940 2154 2201 2254 βε’νθε’
2230 2159 2568 2251 ἔμελλεν,

493 2313 706 2383 multo
739 2312 811 2380 id
848 2311 1062 2405 magis
1104 2310 1467 2403 probarem
1485 2364 1506 2399 ,
1560 2336 1768 2403 quam
1806 2313 1997 2403 quod
2036 2312 2385 2405 vulgatam
2432 2307 2483 2409 ἦ
2521 2304 2714 2403 τοῖχα

494 2416 614 2489 καὶ
665 2416 985 2485 defendit.
1089 2418 1246 2489 Κέν
1292 2417 1471 2484 enim
1513 2418 1863 2508 epicorum
1908 2439 2130 2502 more,
2192 2414 2281 2484 de
2329 2439 2465 2505 quo
2509 2439 2714 2507 supra

495 2519 747 2588 dictum
761 2570 782 2606 ,
831 2520 926 2587 ita
961 2526 1276 2611 potuerat
1314 2520 1544 2603 adiici,
1585 2530 1661 2588 ut
1671 2518 1893 2613 sorte
1919 2520 2345 2613 significaret.
2449 2518 2714 2612 Vulga-

492 2630 633 2691 tam
675 2645 841 2692 vero
886 2645 1094 2712 quum
1139 2645 1275 2715 ego
1316 2623 1393 2691 in·
1437 2623 1971 2693 adnotationibus
2015 2622 2106 2691 ad
2143 2620 2506 2715 Orpheum
2541 2644 2712 2715 pro-

490 2735 731 2818 pterea
760 2725 1005 2809 reieci,
1059 2724 1253 2815 quod'
1276 2726 1473 2817 epica
1513 2726 1729 2796 oratio
1754 2726 1872 2798 καὶ
1898 2721 2090 2816 τα’χα
2120 2726 2526 2817 postularet,
2581 2725 2713 2793 mi-

490 2852 605 2897 ror
629 2853 740 2898 me
755 2830 1012 2897 nescire
1039 2830 1253 2897 visum
1275 2851 1423 2898 esse
1452 2829 1853 2920 Schaefero,
1893 2828 2081 2920 quod
2107 2830 2217 2897 vel
2247 2829 2442 2920 pueri
2472 2828 2709 2913 sciunt,

492 2927 540 3028 ἦ
590 2926 784 3023 τοῖχα
838 2931 1223 3024 saepissime
1267 2932 1452 3024 apud
1493 2934 1725 3025 epicos
1771 2934 1949 3025 legi,
2013 2955 2151 3000 non
2193 2937 2418 3000 autem
2465 2930 2710 3000 vidisse

493 3057 671 3126 eum,
725 3036 846 3105 has
877 3059 1102 3122 voceS,
1157 3036 1346 3125 quod
1371 3036 1557 3105 initio
1589 3059 1807 3105 novae
1837 3036 2152 3105 orationis
2184 3035 2521 3123 faciendo,
2573 3056 2709 3102 non

474 3137 980 3207 continuandae
1044 3139 1324 3207 orationi
1380 3139 1773 3225 inserviant,
1843 3162 1886 3207 a
1932 3163 2042 3207 me
2088 3162 2239 3207 esse
2280 3139 2707 3231 vituperatas

489 3240 647 3310 Hoc
682 3265 853 3335 ergo
894 3242 1189 3312 refutare
1234 3241 1565 3331 debebat,
1618 3243 1674 3311 si
1716 3242 2084 3312 defendere
2112 3243 2314 3311 vellet
2340 3243 2706 3334 vulgatam.

692 3347 944 3414 Parum
971 3344 1200 3414 differt
1231 3347 1431 3414 etiam
1461 3347 1659 3445 ἔφην.
1712 3346 2051 3415 Homerus
2080 3344 2216 3416 od.
2247 3348 2306 3417 δ.
2341 3344 2515 3414 171.

504 3555 509 3559 -
590 3496 717 3570 καί
746 3525 879 3590 μιν
910 3499 1091 3594 ἔφην
1129 3491 1448 3571 ἐλθόντα
1481 3499 1874 3594 φιλησέμεν
1910 3500 2159 3588 ἔξοχον
2192 3497 2425 3570 ἄλλων

594 3596 985 3706 Αργείων
1041 3603 1113 3672 εἰ
1133 3601 1306 3672 νῶὶν
1335 3598 1544 3691 mre-20
1575 3599 1718 3673 ἅλα
1750 3595 2014 3675 νόστον
2047 3604 2303 3674 ἔδωκεν

590 3702 795 3799 νηυσι
832 3685 1055 3800 θοῇσι
1094 3705 1438 3796 γενέσθαι
1469 3698 1869 3812 Ὀλύμπιος
1896 3699 2216 3801 εὐρύοπα
2254 3696 2460 3783 Ζεύς.

486 3853 929 3949 Sperabam.
1033 3857 1275 3946 Neque
1313 3857 1488 3925 enim
1512 3858 1766 3949 poteris
1804 3880 2204 3950 opponere,
2250 3864 2334 3926 at
2356 3877 2502 3924 non
2533 3878 2700 3949 spe-

488 3961 655 4028 ravi
674 3985 698 4028 .·
751 3958 875 4027 sed
911 3967 995 4029 at
1022 3982 1166 4028 non
1190 3960 1399 4029 venit.

688 4062 955 4130 Eadem
1019 4062 1308 4153 denique
1371 4063 1572 4131 etiam
1616 4063 1807 4131 verbi
1875 4052 2285 4154 ἐβουλόμην
2343 4059 2705 4149 aliquando

484 4164 654 4233 ratio
691 4174 811 4234 est.
919 4164 1064 4235 Sed
1095 4167 1232 4236 hoc
1270 4166 1553 4234 verbum
1580 4166 1633 4234 si
1664 4189 1841 4234 nunc
1872 4165 2083 4233 habet
2117 4163 2498 4232 adiunctam
2538 4186 2705 4254 par-

481 4266 793 4354 ticulam,
843 4291 1021 4336 nuuc
1064 4292 1200 4338 non
1243 4270 1487 4358 habet,
1539 4268 1974 4337 tribuendum
2015 4267 2090 4335 id
2137 4276 2238 4334 est
2288 4266 2706 4359 ambiguitati

491 4370 1008 4464 significationis
1060 4374 1429 4442 Aeschines
1483 4396 1540 4440 c.
1591 4371 1897 4474 Ctesiph.
1947 4394 2084 4440 non
2131 4372 2339 4461 longe
2393 4369 2479 4437 ab
2528 4369 2709 4437 initio

1727 4591 1754 4612 (ν
1789 4599 1826 4616 υ,
