3284 5159
1278 403 1539 468 LIBMI
1629 403 1816 463 cAP.
1860 408 1958 471 ιο.
2403 487 2412 500 ,
2612 408 2787 494 ⁶8„

488 592 835 686 Antiphon
887 618 956 685 Ρ.
995 589 1170 671 712.
1224 587 1313 664 εὖ
1348 617 1488 688 γαρ
1532 590 1799 688 ᾔδεις“’
1753 621 1877 666 οτι
1921 589 2227 676 οὐδεὶς
2176 623 2268 669 αν
2299 592 2388 693 ἦν
2419 622 2576 681 σοι,
2626 595 2703 677 ὃς

489 703 758 772 ἐκεῖνον
803 690 937 769 τόν
983 692 1201 790 ὅρκον
1254 689 1784 786 διομοσάμενος
1824 695 2009 786 ἐμοῦ
2041 691 2708 826 κατεμαρτύρησεν.

486 774 860 868 Dinarchus
892 822 971 890 p.
1010 796 1126 871 lo.
1183 792 1306 890 ἐφ’
1338 796 1444 875 οἷς
1476 793 1602 870 οὐκ
1636 794 1780 870 οἶδ’
1817 797 1862 871 5
1893 827 1968 872 τι
2003 796 2145 873 πότ
2208 830 2300 874 αν
2330 801 2580 880 ἐποίει,
2637 805 2708 873 εἰ

489 904 746 999 συνέβη
791 899 1328 995 κατορθῶσθαι
1385 895 1586 994 αὐτῷ
1640 899 1691 971 ὁὶ
1756 896 2333 1027 συνεβούλευσεν.
2440 904 2701 972 Demo-

487 1004 755 1074 sthenes
785 1003 875 1071 ad
894 1002 1280 1093 Phaenipp.
1312 1001 1451 1074 init.
1480 1025 1554 1093 p.
1585 1001 1806 1084 1⁰38,
1819 1002 1891 1077 4.
1916 1031 1978 1075 ει
1994 1032 2096 1099 μη
2125 999 2265 1098 γοῖρ
2298 1001 2511 1086 οὗτος
2527 1005 2700 1101 ημῖν

489 1134 732 1202 σαφως
759 1100 1086 1199 διωρισε,
1139 1105 1217 1177 τί
1241 1104 1536 1200 πρῶτον
1582 1108 1690 1176 δεῖ
1728 1111 1967 1179 ποιεῖν
2005 1133 2176 1187 τους
2214 1102 2699 1181 ἀντιδεδωκό-

487 1237 619 1290 τας
655 1210 775 1281 καὶ
809 1209 886 1281 τί
914 1203 1288 1333 δευτερον,
1340 1205 1459 1278 καὶ
1497 1205 1727 1279 τᾶλλα
1764 1204 1837 1279 δ
1868 1207 2143 1303 ἑφεξῆς,
2195 1205 2324 1281 οὐκ
2354 1205 2496 1281 οἷδ’
2526 1207 2700 1283 ὅποι

487 1312 859 1432 προῆλθεν
899 1339 990 1383 αν
1025 1338 1067 1404 η
1104 1336 1404 1382 τουτουι
1377 1309 1859 1382 ἩΦαινιππου
1895 1304 2159 1403 τόλμα.
2242 1310 2658 1380 Interdum*
2608 1341 2700 1384 αν

488 1416 689 1483 etiam
757 1412 1108 1506 praecedit
1172 1412 1240 1478 in
1289 1409 1422 1478 hac
1489 1412 1812 1501 formula,
1889 1421 1966 1480 ut
2018 1412 2205 1505 apud
2254 1413 2569 1484 eumdem
2630 1416 2701 1483 in

489 1517 729 1610 Steph.
776 1517 829 1589 1.
882 1540 957 1608 p.
993 1513 1230 1602 11⁰3,
1285 1513 1407 1587 2⁰.
1463 1507 1601 1607 ἐγώ
1600 1541 1771 1637 ’γαρ
1816 1508 2036 1597 αὐτός
2065 1512 2194 1589 οὐκ
2239 1545 2332 1589 αν
2367 1513 2511 1590 οἷδ’
2547 1514 2593 1590 5
2621 1545 2701 1590 τι

489 1619 663 1693 ἄλλο
710 1615 903 1709 εἶχον
950 1616 1458 1739 ψηφίσασθαι,
1525 1643 1673 1689 των
1720 1620 2242 1738 πεπραγμένων
2281 1619 2423 1713 μὲν
2477 1620 2700 1718 μηδὲν

491 1717 726 1811 εἰδώς,
780 1714 879 1794 vo?
915 1721 988 1794 δὲ
1028 1713 1601 1817 μαρτυρούμενα
1634 1712 1935 1794 ἁκούων.

692 1824 835 1894 Sed
864 1824 981 1891 ubi
1016 1824 1380 1891 sentcntiae
1413 1823 1576 1891 istae
1617 1845 1702 1890 ex
1740 1823 1871 1889 alia
1898 1822 2252 1905 sententia,
2299 1825 2367 1891 in
2399 1846 2535 1913 qua
2564 1824 2701 1891 iam

381 1995 395 2012 ,
486 1930 653 1998 inest
699 1926 991 1995 conditio
1033 1949 1172 1994 non
1212 1926 1524 2017 impieta,
1580 1923 1915 2016 pendent,
1965 1948 2100 1993 non
2140 1924 2411 1994 additur
2441 1923 2575 2003 ἄν,
2630 1936 2700 1995 et

486 2040 667 2100 recte
695 2030 994 2121 quidem.
1099 2031 1276 2098 Nam
1314 2050 1488 2117 quae
1519 2029 1880 2119 primariae
1910 2027 2274 2097 sententiae
2307 2037 2546 2097 natura
2576 2038 2698 2117 est,

487 2135 723 2204 eadem
749 2142 849 2202 est
865 2134 1086 2217 etiam,
1114 2133 1517 2224 plerumque
1534 2131 1793 2216 saltem,
1817 2153 2072 2218 earum,
2106 2155 2280 2223 quae
2298 2155 2382 2201 ex
2397 2155 2479 2200 ea
2494 2140 2699 2223 aptae

487 2246 656 2311 sunt.
711 2237 879 2306 Vtar
910 2236 999 2303 ad
1029 2259 1174 2304 rem
1209 2233 1800 2303 demonstrandam
1828 2235 2142 2326 exemplo
2180 2258 2455 2327 prorsus
2483 2236 2697 2323 simili,

484 2351 558 2409 ut
595 2364 696 2428 ea,
750 2362 925 2429 quae
962 2339 1170 2407 modo
1202 2338 1412 2411 attuli.
1466 2338 1830 2430 Lycurgus
1863 2362 1937 2432 p
1979 2335 2152 2411 165.
2202 2337 2406 2429 (242.
2433 2338 2694 2429 Bekk.)

486 2447 724 2516 καίτοι
776 2470 910 2514 κατ
993 2440 1301 2520 ἐκείνους
1345 2434 1518 2520 τούς
1563 2434 1908 2536 χρόνους,
1964 2470 2017 2513 ω
2072 2439 2356 2563 ἄνδρες,
2410 2440 2518 2522 τίς
2565 2437 2695 2513 οὐκ

485 2575 576 2618 αν
603 2573 738 2635 την
766 2540 978 2617 πόλιν
1008 2541 1333 2641 ἠλέησεν,
1387 2539 1476 2615 05
1505 2538 1740 2635 μόνον
1777 2542 2093 2667 πολίτης,
2147 2537 2332 2617 ἄλλα
2360 2543 2475 2615 καὶ
2507 2546 2698 2627 ξένος
2791 2623 2796 2634 ,

486 2655 561 2723 ἐν
601 2655 754 2728 τοῖς
793 2648 1215 2742 ἔμπροσθεν
1254 2640 1541 2740 χρόνοις
1578 2641 2135 2744 ἑπιδεδημηκωςς
2184 2646 2294 2727 τίς
2328 2643 2400 2721 δ’
2441 2643 2529 2743 ἦν
2560 2644 2696 2719 οὕ·-

482 2779 618 2832 ‘5⁰’ss
663 2750 708 2845 ἢ
762 2744 1167 2844 μ’σθδημθς
1211 2775 1384 2821 70τὸ
1443 2746 1487 2845 ἢ
1531 2746 2072 2842 μισαθήναιος,
2141 2747 2325 2829 ὅςτις
2380 2743 2694 2846 ἐδυνήθη
2823 2779 2826 2786 ·

483 2853 578 2926 ἄν
632 2852 955 2924 ἄτακτον
996 2844 1261 2923 ἑαυτόν
1315 2848 1705 2943 ὑπομεῖναι
1752 2853 1978 2922 ἰδεῖν·
1949 2906 1974 2942 ,
2044 2853 2260 2920 Recte
2303 2849 2552 2920 illud
2508 2877 2732 2931 οςτις·

483 2950 799 3050 ἐδυνήθη
837 2982 928 3025 αν
974 2953 1227 3024 dictum
1262 2964 1398 3042 est,
1457 2954 1617 3044 quia
1659 2953 1801 3021 sine
1836 2953 2216 3023 conditione
2259 2955 2513 3023 dictum
2550 2962 2695 3022 erat

482 3059 555 3127 id
592 3080 676 3126 ex
710 3079 847 3147 quo
875 3057 1010 3124 hoc
1042 3056 1331 3148 pendet.-
1388 3056 1548 3147 qm’s
1589 3065 1799 3126 tauto
1829 3056 1903 3125 in
1934 3056 2297 3129 civitatem
2329 3056 2495 3127 odio
2509 3055 2691 3150 suit,

481 3170 563 3230 ut
609 3160 947 3230 militiam
997 3159 1552 3229 detrectavisset
1573 3154 1616 3228 Ρ
1697 3159 1840 3228 Sed
1878 3160 1996 3228 ubi
2036 3162 2131 3230 ita
2170 3161 2559 3247 mutaveris,
2618 3168 2694 3228 ut

484 3263 776 3332 conditio
809 3263 880 3332 in
905 3263 1344 3354 principalem
1361 3263 1757 3332 sententiam
1782 3263 2174 3355 recipiatur:
2206 3263 2313 3345 τίς
2327 3263 2419 3336 ἂν
2447 3259 2535 3358 ἤν
2564 3260 2692 3335 οὕ-

480 3359 1039 3460 τω·μισο’δημος,
1092 3366 1227 3434 iam
1260 3367 1402 3435 sine
1431 3365 1522 3439 ἄν
1554 3365 1918 3435 dicendum
1946 3368 2090 3451 erit,
2140 3364 2328 3447 ὅςτις
2356 3358 2689 3462 ἐδυνήθη.

480 3469 590 3537 En
617 3470 949 3560 exempla.
1023 3468 1564 3546 Demosthenes
1545 3493 1617 3537 ιιι
1653 3470 1957 3541 Timocr.
1991 3494 2065 3562 p.
2100 3464 2272 3557 7⁰5,
2304 3466 2426 3542 26.
2483 3466 2561 3541 ἓν
2599 3493 2692 3539 αν

483 3569 718 3645 αὐτοῦ
746 3599 850 3651 τις
885 3576 1204 3644 ἐποιεῖτο
1242 3564 1756 3667 κατηγόρημα,
1811 3568 1856 3644 5
1899 3598 1976 3644 τι
1964 3565 2310 3698 δήποτε
2319 3566 2534 3644 τοῦτ’
2580 3565 2686 3667 ἢν.

479 3673 865 3798 Epicurus
847 3696 912 3744 ιιι
950 3674 1087 3765 Ep.
1118 3674 1205 3742 ad
1234 3673 1571 3747 Herodot.
1602 3672 1676 3747 6.
1705 3697 1779 3765 p.
1812 3673 1882 3746 3.
1913 3676 1983 3747 εἰ
1999 3702 2102 3771 μη
2136 3702 2224 3771 ην
2266 3704 2306 3747 ο
2339 3666 2555 3747 κενδν
2571 3669 2690 3744 καὶ

482 3771 721 3870 χωραν
750 3775 868 3848 καὶ
902 3772 1151 3872 ἀναφῆ
1179 3771 1397 3871 φύσιν
1428 3769 1914 3868 ὀνομάζομεν,
1969 3774 2096 3852 οὐκ
2124 3805 2217 3849 αν
2245 3773 2392 3867 εἶχε
2418 3803 2515 3848 τα
2549 3767 2689 3847 σοι’

480 3906 684 3973 ματα
740 3876 929 3952 ὅπου
976 3875 1111 3975 ἦν,
1178 3876 1344 3951 οὐδὲ
1407 3874 1509 3950 δι’
1571 3906 1659 3951 ου
1711 3883 2059 3969 ἐκινεῖτο,
2113 3873 2450 3972 καθάπερ
2502 3875 2724 3971 φαι’--

481 4009 686 4055 νεται
728 3974 1142 4074 κινούμενα.
1246 3980 1421 4053 lbid.
1455 3978 1527 4057 8
1555 4004 1630 4072 Ρ.
1673 3979 1746 4055 4.
1804 3983 1951 4054 εἴτε
1989 3976 2084 4055 w*
2113 3975 2321 4056 κενόν
2353 3976 2440 4079 ἦν
2469 4005 2688 4076 ωρισ-

478 4086 744 4177 με’νον,
801 4080 929 4157 οὐκ
985 4110 1077 4154 αν
1123 4079 1269 4173 εἶχε
1326 4111 1422 4156 τα
1476 4083 1746 4179 ἄπειρα
1815 4077 2118 4176 σώματα
2174 4082 2359 4157 ὅπου
2418 4084 2683 4178 ενέστη.

479 4189 637 4255 Non
668 4186 964 4255 debebat
992 4186 1208 4277 recipi
1232 4187 1561 4279 Scaligeri
1597 4186 1978 4259 coniectura
2003 4185 2095 4260 ἄν
2128 4188 2326 4284 ἔστη,
2380 4208 2585 4276 quam
2616 4194 2687 4253 ct

477 4289 917 4381 grammatica
936 4289 1270 4382 repudiat,
1321 4299 1580 4359 et-usus
1609 4290 1907 4382 Epicuri,
1957 4298 2032 4362 ut
2056 4291 2173 4382 qui
2197 4290 2404 4359 hoc*
2361 4314 2683 4386 ενστημα

478 4401 677 4467 vocet
701 4392 771 4460 in
800 4391 937 4484 Ep.
975 4392 1066 4460 ad
1091 4392 1403 4484 Pythocl.
1436 4392 1509 4467 9.
1533 4417 1606 4485 p.
1639 4391 1762 4465 31.
