3284 5159
1101 463 1107 474 ·
1231 455 1404 516 ιιΒ.
1448 456 1498 521 ι.
1588 453 1785 517 CAP.
1833 460 1908 521 o.·
2581 463 2669 527 48
2721 419 2732 426 ³

452 643 841 741 Stephanus
867 648 936 715 in
966 645 1153 720 Sent.
1189 643 1386 720 Com.
1415 669 1490 769 Ρ.
1519 644 1695 719 408.
1728 654 1798 715 et
1823 643 2178 716 Dobraeus
2207 649 2296 719 ad
2320 649 2665 742 Aristoph.

450 777 525 844 Ρ.
581 750 803 843 (110)
854 777 1041 823 κατα
1094 744 1328 823 πολλοὶ
1377 747 1456 841 γ’
1509 751 1982 838 emendarunt,
2049 773 2294 842 parum
2339 755 2669 848 probabi-

451 858 625 928 liter.
729 852 955 922 Multo
1019 854 1432 923 verisimilius
1487 863 1588 922 est
1606 902 1628 939 ‚
1717 852 1903 944 quod
1968 854 2307 925 Porsonus
2363 857 2666 946 coniecit,

452 986 639 1032 κατα
688 950 905 1030 πόλλ’
970 953 1101 1052 ἄρ
1148 956 1366 1029 ἐστίν.
1466 955 1648 1025 Mihi
1701 967 1926 1025 tamen
1988 960 2354 1048 genuinum
2406 960 2670 1030 videtur

453 1052 645 1132 κατοῖ
675 1058 980 1145 πολλων,
1031 1083 1073 1126 a
1106 1058 1409 1128 Stobaeo
1440 1069 1662 1128 autem
1690 1060 2073 1153 profectum
2103 1061 2319 1134 ἐστίν.
2387 1062 2467 1131 In
2503 1065 2661 1131 Pla-

452 1164 624 1232 tonis
668 1163 876 1256 Apol.
921 1162 1116 1235 Socr.
1165 1186 1240 1256 Ρ.
1288 1162 1412 1237 41.
1448 1163 1535 1236 Β.
1578 1164 1679 1231 ιιιί
1715 1162 1876 1233 editi
1911 1162 2202 1249 habent,
2253 1163 2372 1238 καὶ
2411 1159 2502 1262 δή
2550 1165 2670 1239 καὶ

454 1293 544 1339 το
578 1266 952 1357 μέγιστον,
1006 1292 1176 1346 τους
1213 1269 1363 1339 ἐκεῖ
1393 1261 1818 1353 ἐξεταζοντα
1849 1264 1968 1338 καὶ
2002 1267 2405 1360 ἐρευνῶντα
2442 1265 2667 1365 ὥςπερ

456 1394 626 1448 τους
677 1368 1004 1441 ἐνταῦθα
1048 1361 1366 1461 διαγειν,
1435 1368 1543 1451 τίς
1584 1366 1827 1442 αὐτῶν
1874 1363 2098 1465 σοφός
2142 1374 2333 1456 ἐστι,
2397 1370 2517 1443 καὶ
2559 1370 2670 1453 τίς

459 1474 695 1544 οἴεται
726 1472 862 1564 μέν
892 1522 913 1557 ,
966 1471 1123 1544 ἔστι
1155 1466 1229 1543 δ
1259 1470 1379 1545 οὔ·
1433 1473 1717 1541 membr.
1751 1471 1955 1541 Bodl.
1989 1483 2060 1541 et
2099 1474 2394 1564 quinque
2434 1473 2523 1543 de
2556 1497 2668 1542 se-

458 1574 678 1642 decim
720 1573 919 1642 codd.
947 1572 1282 1662 Bekkeri,
1332 1585 1624 1667 octoque
1667 1577 1902 1668 optimi
1937 1576 2124 1666 apud
2155 1576 2671 1645 Stallbaumium

455 1677 785 1769 praebent
828 1676 937 1758 τίς
970 1675 1061 1754 οἷν
1099 1673 1341 1751 αὐτῶν
1383 1673 1607 1773 σοφός
1648 1683 1824 1751 ἐστι.
1930 1678 2068 1764 Qui
2108 1680 2297 1748 locus
2343 1689 2444 1748 est
2488 1680 2670 1749 eius-

455 1780 677 1863 modi,
737 1789 849 1867 ut,
903 1781 959 1848 si
1003 1779 1271 1848 aliunde
1312 1782 1468 1849 satis
1512 1781 1768 1848 firmari
1814 1782 2029 1872 possit
2066 1782 2190 1850 ista
2240 1785 2669 1870 constructio,

457 1883 550 1951 ad
575 1905 840 1951 sensum
873 1883 1328 1953 venustissime
1356 1883 1584 1952 addita
1609 1882 1915 1951 videatur
1944 1884 2272 1976 particula
2291 1936 2313 1972 ,
2365 1886 2668 1955 subindi-

458 2009 617 2055 cans
659 1985 976 2078 singulari
1020 2008 1178 2053 casu
1222 1987 1365 2055 fieri
1380 2036 1400 2071 ‚
1463 1995 1539 2053 ut
1577 1988 1726 2076 quis
1774 2008 1933 2054 vere
1977 1988 2240 2079 sapiens
2280 1989 2667 2056 inveniatur.

457 2090 582 2158 Est
609 2090 788 2157 euim
812 2086 920 2168 τίς
944 2086 1035 2159 ἄν
1068 2087 1434 2183 quisorte,
1464 2090 1659 2158 uobis
1687 2111 1841 2158 wer
1868 2098 2094 2159 elwa:
2137 2092 2414 2180 eiusque
2435 2113 2668 2159 exem-

458 2194 577 2284 pla
607 2194 810 2260 etiam
840 2214 993 2259 cum
1025 2191 1253 2260 futuro
1279 2193 1485 2261 iuncti
1510 2192 1813 2261 vidimus,
1917 2192 2011 2260 Et
2047 2192 2424 2263 concedere
2450 2193 2672 2263 debe-

459 2296 661 2381 bunt,
725 2293 835 2375 τίς
874 2293 966 2366 ἄν
1011 2317 1166 2363 cum
1202 2297 1568 2364 indicativis
1611 2296 1910 2364 omnium
1952 2305 2337 2388 temporum
2378 2298 2672 2378 construi

457 2421 698 2492 posse,
752 2398 948 2487 siqui
990 2395 1365 2470 Schaefero
1392 2399 1867 2486 assentiuntur,
1917 2399 2035 2488 qui
2063 2392 2231 2489 τάχ’
2266 2399 2357 2472 ἄν
2401 2401 2493 2468 ita
2536 2400 2672 2468 dici

458 2510 672 2593 putat,
722 2510 801 2569 ut
830 2500 922 2572 οἲν
963 2501 1054 2569 ad
1088 2496 1279 2593 τάχα
1302 2504 1655 2595 pertineat,
1707 2525 1929 2591 neque
1970 2501 2063 2569 ad
2098 2503 2382 2571 verbum
2408 2503 2673 2572 refera-

462 2616 587 2674 tur.
689 2606 822 2672 Par
852 2604 1028 2672 enim
1058 2626 1290 2675 caussa
1323 2614 1444 2674 est.
1548 2607 1726 2674 Nam
1757 2607 1973 2673 latet
1955 2629 2022 2675 ιιι
2053 2606 2179 2672 isto
2202 2633 2315 2682 αν
2339 2606 2487 2674 talis
2516 2629 2672 2674 sen-

460 2709 703 2795 tentia,
755 2704 863 2785 τίς
909 2735 1000 2779 αν
1035 2708 1140 2805 εἴη
1194 2707 1289 2790 ὅς.
1394 2707 1681 2777 Videtur
1720 2717 1947 2776 autem
1989 2708 2183 2777 valde
2225 2709 2499 2799 placere
2546 2710 2674 2778 sibi

463 2835 546 2880 ea
568 2813 637 2878 in
663 2834 738 2879 re
755 2807 1183 2900 Schaeferus,
1223 2812 1338 2933 qui
1358 2810 1446 2879 de
1472 2811 1591 2879 illo
1617 2804 1790 2901 ταχ’
1821 2810 1913 2883 ἄν
1934 2832 2070 2879 ιιοιι
2100 2812 2317 2880 solum
2348 2812 2438 2880 ad
2456 2812 2671 2904 Greg.

465 2915 626 2984 Cor.
664 2937 735 3004 Ρ.
774 2911 894 2979 44.
949 2913 1074 2981 sed
1119 2916 1387 3007 saepius
1432 2915 1523 2982 ad
1568 2914 1987 3005 Sophoclem
2027 2916 2394 3004 monuerit,
2462 2923 2538 2982 ut
2581 2914 2673 2982 ad

465 3016 643 3086 Oed.
686 3018 774 3089 R.
824 3010 1000 3088 523.
1046 3016 1135 3083 ad
1183 3016 1361 3088 Oed.
1407 3016 1559 3086 Col.
1588 3012 1762 3087 965.
1792 3027 1861 3085 et
1903 3015 2120 3085 1⁰76.
2149 3018 2307 3086 etin
2342 3016 2671 3086 addendis

463 3120 553 3187 ad
588 3117 767 3192 Oed.
801 3117 891 3190 R.
940 3117 1113 3191 139.
1166 3121 1431 3190 Vellem
1463 3143 1625 3188 vero
1669 3119 2193 3189 demonstrasset
2220 3121 2321 3188 vir
2362 3121 2672 3189 doctissi-

463 3247 633 3294 mus,
737 3222 914 3289 Nam
949 3244 1032 3290 ex
1072 3224 1207 3291 istis
1245 3224 1604 3315 exemplis,
1659 3223 1899 3312 quibus
1936 3224 2177 3306 utitur,
2229 3246 2313 3291 ne
2360 3224 2475 3291 illa
2517 3224 2673 3313 qui-

465 3327 625 3394 dem
655 3325 828 3407 duo,
881 3347 1056 3414 quae
1086 3349 1170 3394 ex
1200 3327 1493 3395 Platonis
1527 3325 1847 3395 Phaedro
1870 3327 2118 3412 attulit,
2171 3349 2318 3394 rem
2353 3349 2674 3419 compro-

464 3431 644 3498 bant.
750 3427 1012 3496 Eorum
1052 3430 1236 3521 prius
1273 3439 1374 3498 est
1410 3452 1484 3521 p.
1532 3424 1703 3497 256.
1748 3429 1832 3498 Β.
1874 3428 1953 3498 O.
2010 3422 2138 3502 έαν
2187 3429 2264 3502 δὲ
2298 3423 2387 3523 δη
2431 3428 2673 3550 διαίτῃ

467 3533 968 3653 φορτικωτέρᾳ
1010 3558 1093 3604 τε
1139 3530 1257 3604 καὶ
1308 3526 1779 3627 ἅφιλοσόφῳ,
1839 3530 2204 3627 φιλοτίμῳ
2236 3532 2313 3605 δὲ
2354 3525 2673 3651 χρήσοιν-

466 3662 622 3723 ται,
674 3627 815 3722 τάχ
873 3631 964 3704 ἄν
993 3660 1135 3705 που
1165 3639 1241 3708 ἐν
1266 3637 1537 3726 μέθαις
1563 3634 1609 3730 ἦ
1638 3662 1788 3707 τινι
1823 3634 1999 3756 ἄλλῃ
2031 3630 2331 3729 α’μελείᾳ
2364 3662 2464 3706 τω
2500 3630 2674 3706 αἰιο-

468 3731 705 3809 λοὶστω
754 3730 1012 3808 αυτοῖν
1045 3734 1392 3829 ὑποζυγίω
1437 3731 1749 3830 λαβόντε
1788 3764 1917 3817 τας
1965 3757 2197 3833 ψυχας
2233 3730 2673 3833 οἷφρούρους,

468 3830 957 3931 συναγαγόντι
997 3843 1092 3919 εἰς
1122 3833 1418 3926 ταύτόν,
1470 3868 1604 3937 την
1635 3834 1779 3913 ὑπό
1826 3867 1972 3911 των
2015 3840 2296 3912 πολλῶν
2345 3864 2675 3932 μακαρι-

469 3968 647 4036 στην
693 3946 971 4035 αἵρεσιν
1018 3944 1287 4059 εἱλέτην
1329 3969 1412 4014 τε
1454 3970 1569 4015 και
1616 3935 2135 4038 διεπράξαντο,
2186 3969 2304 4012 και
2352 3944 2676 4035 διαπρα-

469 4046 746 4135 sanim
777 4037 1125 4115 τολοιπον
1155 4042 1286 4141 ἤδη
1325 4046 1640 4140 χρῶνται
1671 4046 1816 4137 μὲν
1826 4041 2046 4166 αὐτῇ,
2093 4042 2361 4137 σπανίᾳ
2394 4044 2497 4131 δέ,
2544 4040 2677 4115 ἅτε

470 4143 559 4217 οὐ
593 4170 811 4250 πασῃ
822 4147 1214 4240 δεδογμένα
1234 4149 1350 4268 ,τῇ
1377 4146 1666 4242 διανοίᾳ
1692 4141 2156 4270 πράττοντες.
2207 4147 2514 4216 Alterum
2541 4147 2677 4213 hoc

470 4258 605 4334 est,
673 4271 746 4338 Ρ.
811 4245 984 4320 265.
1029 4248 1115 4321 Β.
1171 4250 1295 4345 τῆς
1334 4253 1409 4323 δὲ
1453 4251 1661 4372 &flag
1697 4275 2071 4345 τετταρων
2116 4249 2309 4321 θεων
2355 4251 2676 4345 τέτταρα

360 4365 375 4380 “
467 4354 681 4448 μέρη
706 4343 1156 4444 διελόμενοι,
1208 4379 1567 4449 μαντικην
1610 4355 1748 4446 μὲν
1796 4352 2175 4436 ἐπίπνοιαν
2223 4346 2679 4431 ’Λπόλλωνος

470 4457 771 4541 θέντες,
827 4448 1198 4528 Διονύσου
1246 4456 1320 4529 δὲ
1356 4452 1808 4552 τιλεστικήν,
1862 4456 2189 4536 Μουσῶν
2220 4450 2293 4528 δ
2339 4450 2432 4527 αὖ
2458 4480 2676 4552 ποιη-
