3284 5159
588 462 717 525 12ss
1271 461 1392 523 DE
1460 461 2017 526 PART’lchA
2061 459 2150 528 ἄν

590 650 979 742 Sophocis
960 675 1028 719 ιιι
1061 651 1311 722 Electr.
1343 651 1514 722 963.

795 788 914 861 καὶ
947 788 1175 863 τωνδε
1203 792 1463 883 με’ντοι
1489 787 1749 889 μηκέτ
1794 786 2151 888 ἑλπίσῃς”
2105 818 2295 872 οπως

793 886 1026 975 τεύξει
1078 886 1268 966 πότ’.

586 1028 665 1096 In
692 1028 904 1098 Aiace
930 1023 1102 1098 567.

797 1163 1002 1260 κείνῳ
1031 1162 1106 1238 τ’
1144 1161 1327 1290 ἐμήν
1360 1163 1735 1261 ἀγγείλατ’
1751 1161 2105 1289 ἐντολήν,
2159 1162 2348 1247 ὅπως

797 1269 946 1341 τῶν
975 1273 1202 1344 παῖδα
1228 1264 1446 1344 τόνδε
1471 1265 1656 1368 πρός
1683 1263 1951 1362 δόμους
1979 1263 2196 1362 ἑμους
2236 1268 2428 1363 ἄγων

806 1375 866 1444 Ἰ
870 1373 1186 1463 ελαμωνι
1220 1372 1473 1462 δείξει,
1523 1373 1753 1472 μητρί
1777 1370 1897 1464 τ’,
1949 1369 2293 1470 Ἐριβοίᾳ
2323 1372 2521 1464 λέγω.

588 1508 669 1577 ln
692 1507 945 1579 Trach.
976 1507 1150 1578 6⁰4.

1422 1640 1651 1744 φράζ’
1676 1641 1864 1728 ὅπως
1886 1643 2132 1743 μηδεὶς
2156 1644 2447 1743 βροτων

799 1744 1038 1821 κείνου
1062 1742 1427 1846 πάροιθεν
1456 1743 2036 1845 ἄμφιδύσεταιχ
1995 1756 2192 1845 χροι,

791 1846 975 1975 μηδ
1006 1849 1277 1946 ὄψεταί
1314 1881 1431 1927 νιν
1459 1846 1653 1976 μήτε
1680 1854 1937 1946 φέγγος
1966 1849 2214 1947 ἡλίου,

794 1947 993 2050 μήθ’
1024 1960 1224 2052 ἕρκος
1253 1950 1490 2052 ιερόν,
1542 1949 1696 2052 μήτ
1766 1956 2105 2050 ἐφέστιον
2134 1956 2357 2034 σε’λας

796 2107 1187 2176 Proximum
1226 2110 1330 2178 his
1350 2110 1532 2178 illud
1571 2134 1790 2204 genus
1834 2117 1970 2195 est,
2038 2106 2283 2199 quod
2262 2129 2335 2174 ιιι
2384 2102 2816 2173 adhortando

591 2219 967 2303 usurpatur,
1009 2213 1243 2302 verbo,
1302 2213 1483 2283 unde
1519 2210 1708 2295 ὅπως
1753 2213 2080 2306 pendeat,
2122 2211 2402 2279 omisso:
2452 2219 2527 2278 ut
2566 2211 2636 2278 in
2664 2207 2817 2299 Cy·-

586 2317 787 2408 clope
818 2308 991 2382 591.

488 2562 496 2577 ‚
1426 2463 1587 2543 ἀλλ’
1623 2466 1811 2551 ὅπως
1839 2463 2022 2567 οἷνήρ
2053 2470 2223 2544 ἔσει.

517 2638 531 2647 *
586 2609 630 2675 i.
680 2630 739 2676 e.
786 2596 1109 2700 proprie,
1160 2603 1367 2693 vide,
1424 2607 1785 2698 quomodo
1817 2607 1934 2676 vir
1956 2605 2273 2701 futurus
2326 2602 2448 2685 sis.
2556 2599 2817 2672 Confer

586 2711 650 2782 v3.
678 2709 850 2779 626.
884 2720 952 2778 et
981 2707 1202 2778 Orest.
1234 2706 1457 2778 1060.
1488 2710 1697 2779 Herc.
1722 2710 1773 2778 f.
1797 2706 1971 2779 504.
1999 2710 2220 2802 Soph.
2258 2707 2435 2778 ssed.
2466 2707 2553 2775 R.
2585 2702 2814 2772 1518.

474 2904 479 2907 v
587 2812 1154 2905 Frequentissima
1193 2813 1367 2880 haec
1400 2814 1570 2881 ratio
1608 2814 1932 2905 loquendi
1964 2822 2064 2882 est
2079 2865 2099 2899 ‚
2129 2833 2556 2903 semperque
2602 2809 2819 2876 habet

588 2918 905 2986 futurum.
1006 2917 1332 2985 Refertur
1364 2918 1542 2984 enim
1584 2918 1676 2986 ad
1708 2918 2097 3009 opinionem
2127 2917 2228 2984 rei
2268 2915 2534 2987 futurae
2551 2959 2573 2998 ‚
2627 2912 2816 2979 cuius

589 3022 739 3090 fieri
791 3021 1102 3089 volumus
1158 3021 1586 3090 contrarium.
1690 3021 1796 3090 Ita
1840 3019 2027 3112 quod
2071 3018 2431 3110 Euripides
2474 3017 2687 3085 habet
2743 3014 2819 3082 in

586 3123 877 3192 Bacchis
910 3121 1081 3190 367.
1182 3210 1185 3215 μ
1244 3212 1252 3225 x

795 3269 1127 3357 Πενθευς
1158 3271 1231 3349 δ’
1265 3272 1456 3356 ὅπως
1485 3302 1590 3373 μη
1630 3277 1901 3358 πένθος
1933 3271 2215 3357 εἰςοίσει
2248 3266 2501 3369 δόμοις

794 3384 949 3459 τοῖς
975 3384 1202 3467 σοῖσι,
1255 3372 1560 3472 Κάδμε,

590 3532 684 3601 sic
716 3539 818 3599 est
857 3531 1139 3615 dictum,
1190 3539 1267 3597 ut
1297 3531 1662 3623 cogitetur,
1714 3530 1971 3598 illatum
2012 3528 2094 3597 iri
2125 3529 2379 3597 luctum
2407 3549 2450 3594 a
2479 3523 2815 3612 Pentheo,

517 3719 524 3727 .
591 3657 674 3703 ac
700 3632 989 3727 proinde
1017 3632 1387 3701 videndum
1416 3656 1585 3731 esse,
1630 3633 1975 3723 quomodo
2000 3632 2073 3700 id
2102 3633 2356 3700 irritum
2383 3628 2819 3699 reddendum

590 3738 693 3806 sit.
799 3734 1008 3822 Quod
1036 3735 1091 3802 si
1116 3737 1396 3831 εἶςφέρῃ
1428 3737 1815 3829 scripsisset,
1866 3744 2083 3804 metus
2106 3744 2364 3803 tantum
2391 3734 2817 3825 significare-
2961 3778 2968 3781 -

591 3849 703 3908 tur
744 3847 811 3907 et
837 3837 1160 3912 dubitatio
1178 3885 1199 3922 ,
1252 3846 1475 3906 utrum
1506 3840 1803 3929 illaturus
1834 3840 1917 3907 sit
1951 3840 2242 3925 luctum,
2294 3862 2382 3906 an
2416 3859 2587 3924 non,
2640 3857 2817 3927 pro-

593 3950 965 4061 ptereaque
994 3939 1371 4009 cavendum
1399 3964 1565 4029 esse,
1616 3965 1704 4009 ne
1725 3943 1936 4033 possit
1965 3941 2230 4009 inferre.
2333 3940 2530 4009 Haec
2562 3938 2620 4006 si
2640 3939 2817 4006 inter

593 4045 745 4136 ipsa
792 4066 1178 4136 compares»,
1249 4042 1480 4111 futuro
1535 4045 1758 4136 posito
1803 4044 1937 4112 hoc
1988 4043 2306 4113 habebis·
2377 4040 2650 4136 inferet
2699 4041 2813 4108 lu-

595 4155 832 4215 ctum:
884 4155 965 4215 ιιι
989 4146 1178 4231 vide,
1233 4146 1589 4236 quomodo
1618 4168 1762 4215 non
1788 4145 2092 4249 inferet,-
2139 4148 2206 4214 in
2228 4146 2654 4214 coniunctivo
2688 4142 2846 4212 au-'

595 4257 768 4317 tem.
807 4230 1058 4340 potest
1102 4245 1384 4341 inferre
1426 4249 1735 4318 luctum.-
1791 4250 1959 4317 vide
1993 4249 2350 4340 quomodo
2380 4248 2629 4342 possit
2667 4268 2820 4316 mm

597 4350 879 4446 inferre
894 4401 915 4438 ‚
967 4352 1008 4418 i.
1046 4373 1104 4417 e.
1137 4350 1483 4439 quomodo
1523 4351 1772 4420 debeat
1802 4352 2103 4420 cohiberi
2128 4352 2214 4420 ab
2245 4351 2621 4420 inferendo.

800 4452 912 4522 Ex
956 4453 1065 4521 his
1111 4452 1535 4548 intelligitur,
1585 4478 1728 4524 non
1770 4454 2153 4549 promiscue
2190 4455 2490 4523 futurum
2530 4464 2599 4523 et
2645 4462 2817 4522 con-³
