3284 5159
1305 393 1474 455 LIB.
1521 394 1565 457 1.
1658 396 1846 457 CAP.
1893 400 1994 462 12.
2684 406 2778 469 67·

543 601 927 672 repugnare
967 580 1246 651 forsitan
1287 584 1625 653 videbitur
1652 586 1730 654 iis
1743 637 1764 672 ,
1818 608 1994 676 quae
2027 609 2232 679 supra
2274 588 2559 660 diximus
2572 641 2593 678 ,
2645 594 2765 662 ubi

542 683 771 751 addita
805 686 888 753 sit
914 687 1279 776 particula,
1334 690 1736 757 contrarium
1778 689 2037 781 opponi
2068 713 2292 781 posse.
2395 694 2556 764 Non
2587 697 2762 765 enim

542 789 808 879 opponi
839 798 1110 879 potest,
1163 786 1327 863 ἀλλ’
1369 787 1458 863 οὐ
1485 785 1872 887 βούλομαι.
1980 792 2097 862 sic
2139 794 2339 862 etiam
2378 797 2449 864 in
2492 798 2759 893 Vespis,

540 913 750 979 quum
774 892 1155 983 Bdelycleo
1186 892 1489 983 dixisset,

1370 1044 1774 1144 κιθαρίζειν
1824 1040 1964 1144 γοῖρ
2022 1043 2151 1121 οὐκ
2211 1049 2634 1140 ἐπίσταται,

537 1163 924 1287 respondet*
941 1221 1003 1270 v,
1032 1195 1204 1267 960.
1257 1199 1608 1267 Philocleo
1622 1249 1642 1287 ,

742 1343 880 1442 ἐγω
930 1346 1001 1423 δ’
1052 1346 1459 1448 ἐβουλόμην
1512 1378 1604 1424 αν
1644 1348 1814 1425 οὐδὲ
1863 1343 2289 1446 γράμματα.

532 1501 1027 1571 Demosthenes
1069 1504 1369 1597 Philipp.
1402 1506 1453 1572 1.
1495 1505 1567 1573 in
1595 1505 1732 1572 fine
1773 1525 1844 1624 p.
1877 1499 2001 1592 54,
2042 1502 2162 1572 29.
2219 1499 2628 1628 ἐβουλόμην
2675 1512 2749 1582 δ’

534 1603 647 1685 ἄν,
705 1602 930 1699 ὥςπερ
967 1603 1087 1679 ὅτι
1118 1605 1292 1699 υμῖν
1328 1610 1683 1703 συμφέρει
1714 1634 1808 1680 τα
1856 1608 2205 1699 βέλτιστα
2236 1601 2530 1681 οἷκούειν
2560 1606 2748 1699 οἶδα,
2807 1677 2816 1684 .

534 1705 761 1789 οὕτως
818 1711 1084 1782 εἰδέναι
1146 1716 1481 1782 συνοῖσον
1548 1706 1668 1780 καὶ
1718 1708 1827 1802 τῷ
1874 1736 1969 1780 τα
2017 1711 2366 1802 βέλτιστα
2432 1705 2747 1786 εἰπόντι·

530 1810 772 1904 πολλῷ
811 1837 951 1933 γαρ
985 1810 1076 1884 ἂν
1101 1809 1308 1908 ἥδιον
1338 1808 1577 1885 εἶπον·
1631 1812 1763 1883 νῦν
1810 1806 1881 1883 δ’
1913 1816 2000 1884 ἐπ
2008 1806 2351 1939 ;ᾰδήλοις
2394 1839 2559 1886 ουσι
2594 1821 2750 1897 τοῖς

531 1907 681 1986 (ino
721 1907 1003 1985 τούτων
1054 1916 1349 2008 ἐμαυτῷ
1384 1917 1922 2013 γενησομένοις,
1993 1911 2206 2004 ὅμως
2212 1914 2326 1986 ἐπι
2369 1915 2476 2008 τῷ
2507 1918 2746 1989 συνοί-

530 2041 682 2088 σειν
727 2013 940 2109 υμῖν,
994 2009 1122 2090 ἐοῖν
1163 2011 1526 2115 πράξητε,
1579 2016 1821 2089 ταῦτα
1863 2022 2300 2106 πεπεῖσθαι,
2355 2019 2584 2109 λέγειν
2637 2024 2746 2092 αἱ·

528 2117 822 2213 ροῦμαι.
874 2119 1331 2189 Aeschmesm
1352 2119 1662 2213 Ctes1ph
1678 2143 1750 2211 p.
1769 2114 1941 2186 506.
1973 2115 2178 2209 (505.
2205 2115 2274 2213 5.
2294 2117 2465 2187 115.
2481 2119 2744 2213 Bekk.)

528 2220 614 2293 ὃν
658 2216 1068 2320 ἐβουλόμην
1109 2221 1200 2295 ἂν
1252 2223 1534 2297 πολλῶν
1575 2228 1782 2297 ἕνεκα
1838 2220 1981 2310 ζῆν.
2082 2222 2421 2292 Scilicet
2401 2246 2472 2291 m
2508 2225 2745 2294 huius-

523 2323 713 2392 modi
743 2325 905 2393 locis
948 2321 1348 2424 ἐβουλόμην
1395 2325 1488 2398 ἄν
1527 2332 1861 2419 potestate
1896 2322 2081 2392 idem
2131 2334 2235 2393 est
2281 2325 2502 2415 quod,
2568 2326 2745 2400 bene

524 2435 736 2517 esset,
790 2428 899 2495 cui
927 2435 1113 2496 recte
1143 2429 1531 2520 opponitur,
1585 2438 1670 2499 at
1694 2450 1838 2496 non
1865 2425 2040 2497 bene
2065 2437 2194 2502 est.
2281 2429 2514 2514 Quare
2542 2433 2741 2501 etiam

522 2531 744 2598 Latini
773 2531 1030 2600 vellem
1057 2531 1306 2601 dicunt.
1387 2530 1683 2601 Omnino
1713 2541 1939 2600 autem
1966 2530 2354 2624 videndum,
2406 2542 2499 2620 ut,
2552 2536 2741 2625 quod

523 2656 795 2723 quoque
824 2635 894 2703 in
918 2636 1075 2703 loco
1093 2637 1485 2727 oppositum
1520 2635 1803 2728 cogitari
1835 2634 2105 2720 debeat,
2131 2644 2317 2704 recte
2351 2658 2739 2729 cognosca-

522 2745 663 2824 tur,
715 2737 835 2806 nisi
860 2739 1036 2807 male
1060 2739 1342 2831 intelligi
1373 2740 1567 2808 huius
1598 2748 1668 2807 et
1693 2739 2002 2808 similium
2028 2738 2390 2808 verborum
2413 2742 2738 2811 rationem

521 2840 848 2912 volumus.
898 2840 992 2910 Vt
1020 2842 1254 2932 quod
1234 2866 1304 2911 ιιι
1332 2843 1636 2935 Gorgiae
1659 2841 2047 2911 defensione
2071 2841 2448 2909 Palamedis
2472 2866 2543 2934 p.
2564 2843 2715 2912 113

522 2940 678 3032 (68.
734 2940 808 3038 5.
858 2943 980 3018 21.
1032 2944 1295 3037 Bekk.)
1349 2949 1675 3039 scriptum
1709 2970 1779 3014 es
1750 2955 1840 3014 stt
1902 2940 2025 3017 ὅτι
2067 2944 2234 3065 μὲν..
2260 2939 2392 3015 οὖν
2431 2942 2594 3019 οὐδ
2644 2975 2737 3019 αν

519 3041 927 3144 ἐβουλόμην
960 3050 1365 3145 προδοῦναι
1401 3044 1535 3146 τήν
1563 3041 1907 3135 Ἐλλάδα,
1947 3038 2087 3118 δια
2128 3074 2273 3118 των
2306 3052 2733 3166 προειρημέ-

517 3177 660 3223 νων
690 3151 1068 3223 δέδεικται.
1172 3151 1628 3221 Vehementer
1663 3153 1841 3220 enim
1885 3159 2172 3235 erraret,
2226 3151 2340 3239 qui
2382 3172 2734 3242 opponere

519 3253 767 3338 vellet,
821 3249 985 3328 ἄλλ
1020 3249 1432 3350 ἐβουλόμην
1463 3255 1866 3352 προδοῦναι
1902 3253 1997 3321 sic
2042 3253 2448 3347 simpliciter.
2553 3256 2733 3324 Nam

519 3365 621 3423 est
648 3355 816 3424 illud
866 3356 1206 3446 quidem
1188 3381 1449 3450 ipsum,
1501 3358 1624 3427 sed
1668 3381 1753 3426 ex
1789 3378 2084 3448 persona
2109 3355 2468 3424 adversarii
2503 3381 2731 3450 oppo-

516 3460 745 3527 situm:
800 3453 1103 3551 ἐβούλου
1138 3461 1575 3554 προδοῦναιε
1626 3471 1734 3546 ut,
1788 3462 1842 3528 si
1883 3482 1966 3527 ex
2003 3459 2209 3549 ipsius
2241 3460 2522 3528 oratoris
2563 3485 2731 3553 per-

516 3584 681 3630 sona
711 3563 1208 3653 oppositionem
1239 3563 1466 3631 facere
1493 3564 1678 3650 veIiS,
1733 3556 2091 3631 dicendum
2121 3563 2222 3647 sit,
2272 3562 2530 3631 videor
2545 3587 2731 3657 pro-

518 3665 697 3733 dere
741 3665 1072 3738 voluisse.
1177 3667 1287 3734 Ex
1338 3667 1442 3735 his
1508 3677 1827 3759 apparet,
1909 3665 2045 3732 hoc
2117 3665 2395 3754 quidem
2456 3666 2523 3734 in
2574 3669 2730 3735 loco

511 3769 714 3860 plane
754 3767 1089 3836 diversam
1135 3771 1316 3837 nasci
1345 3772 1757 3857 sententiam,
1809 3769 1861 3836 si
1898 3766 1988 3839 ἄν
2032 3778 2478 3840 removeatur.
2552 3772 2731 3838 Nam

513 3871 741 3939 addita
766 3873 1100 3962 particula
1135 3874 1330 3954 dicit,
1380 3897 1471 3942 ne
1494 3875 1880 3943 voluissem
1916 3869 2206 3962 quidem
2235 3873 2609 3964 prodere,
2665 3874 2730 3942 εἱ

505 3973 944 4067 potuissem3
994 3976 1240 4044 omissa
1286 3986 1544 4064 autem,
1595 4001 1688 4046 ne
1719 3974 1911 4046 volui
1946 3973 2283 4066 quidem5
2340 3998 2556 4067 quum
2584 3999 2728 4069 po-

440 4120 446 4124 <
512 4078 790 4150 tuere‘m.

713 4181 857 4250 Sed
906 4181 1115 4250 multo
1161 4183 1355 4250 latius
1398 4190 1590 4273 patet
1629 4182 1805 4249 haec
1846 4180 2050 4265 ratio,
2115 4201 2336 4268 neque
2372 4179 2583 4247 ullum
2630 4189 2730 4248 est

508 4285 809 4371 verbum,
863 4285 951 4352 ad
975 4285 1162 4376 quod
1185 4309 1319 4353 non
1346 4287 1697 4376 pertineat.
1757 4286 1935 4353 Nam
1968 4281 2259 4366 omnino,
2318 4283 2727 4371 ubicumque

505 4410 643 4456 non
669 4398 897 4509 potest
935 4391 1342 4457 contrarium
1381 4389 1664 4481 opponi,
1714 4396 1900 4455 recte
1938 4385 2128 4453 abest
2161 4387 2518 4476 particula.
2571 4386 2729 4453 An-

2146 4500 2313 4571 ΕΖ
