3284 5159
1195 426 1374 488 LIB.
1417 426 1499 493 11.
1589 426 1787 491 cAP.
1836 432 1898 494 2.
1936 432 1999 495 a
2628 439 2714 502 31

474 617 572 685 sic
613 609 898 708 intelligi
942 623 1245 707 praestat
1264 664 1286 701 ‚
1349 626 1426 687 ut
1470 619 1939 688 tantummodo
1990 617 2080 686 ad
2134 618 2361 688 futura
2424 634 2706 712 spectet.

473 719 629 788 Alia
687 721 803 808 qui
865 718 1207 788 desideret
1278 721 1852 791 coniunctivorum
1921 722 2308 793 huiusmodi
2377 729 2709 817 exempla,

478 823 782 891 conferat
810 822 1005 896 Iliad.
1040 848 1104 897 o.
1136 818 1310 893 350.
1341 821 1480 897 od.
1505 851 1585 919 μ.
1609 823 1786 894 391.

1530 971 1655 1103 ιιι.

529 1176 661 1247 De
702 1179 1234 1273 particulis
1286 1178 1390 1253 ἄν
1443 1190 1530 1252 et
1578 1182 1727 1257 κὲν
1784 1204 1981 1251 cum
2035 1180 2638 1253 coniunctivo

1274 1302 1529 1394 apud
1567 1301 1911 1395 epicos.

678 1434 882 1530 Epici
917 1443 1178 1505 veteres
1195 1484 1217 1521 ‚
1271 1460 1439 1528 quos
1479 1438 1612 1507 iarn
1659 1461 1868 1530 supra
1910 1438 1981 1504 in
2025 1435 2360 1504 indicativi
2402 1437 2708 1529 explica-

473 1536 654 1605 tione
693 1539 980 1608 vidimus
1012 1539 1280 1607 liberius
1322 1542 1418 1608 uti
1452 1542 1795 1632 particulis
1831 1540 1922 1613 ἄν
1966 1549 2035 1608 et
2077 1541 2233 1624 κέν,
2286 1540 2486 1607 etiam
2531 1562 2694 1608 con-

472 1640 768 1710 iunctivo
799 1665 915 1710 eas
946 1665 1081 1709 non
1114 1652 1254 1710 tam
1290 1653 1474 1711 certa
1500 1645 1759 1713 ratione
1790 1643 2244 1728 addiderunt,
2283 1665 2488 1731 quam
2522 1663 2697 1732 quae

404 1825 410 1834 ἢ
472 1746 844 1814 recentiore
892 1767 1015 1812 usu
1058 1745 1346 1814 stabilita
1383 1755 1504 1814 est.
1605 1748 1785 1815 Nam
1845 1746 1979 1814 hae
2037 1745 2406 1837 particulae
2462 1767 2695 1835 quum,

471 1854 548 1914 ut
583 1870 811 1941 supra
830 1847 1275 1935 ostendimus,
1328 1850 1622 1940 aliquam
1668 1850 1921 1918 fortuiti
1954 1848 2294 1916 notionem
2324 1849 2535 1915 verbo
2566 1846 2694 1915 ad-

472 1949 676 2033 dant,
698 1952 1132 2046 -ubicumque
1162 1952 1226 2019 ei
1253 1953 1505 2021 notioni
1533 1952 1722 2021 locus
1759 1961 1968 2033 esset,
2021 1950 2312 2018 adiicere
2355 1973 2467 2018 eas
2514 1950 2695 2042 epici

470 2074 607 2120 non
634 2053 1059 2126 dubitarunt.
1163 2053 1292 2123 Est
1343 2064 1569 2123 autem
1624 2054 2079 2124 coniunctivus
2127 2054 2184 2121 is
2224 2051 2466 2120 modus
2486 2102 2507 2138 ‚
2574 2053 2692 2143 qui

469 2165 707 2224 natura
734 2156 1050 2225 facillime
1081 2180 1233 2225 eam
1258 2157 1707 2227 adiectionem
1735 2157 2061 2242 admittat,
2111 2163 2188 2222 ut
2216 2156 2332 2244 qui
2362 2154 2452 2221 ad
2479 2154 2551 2222 id
2577 2178 2693 2223 re-

471 2259 759 2347 feratur,
813 2259 1001 2350 quod
1036 2261 1448 2352 experientia
1494 2260 2042 2353 cognoscendum
2076 2259 2189 2326 sit.
2240 2256 2312 2324 id
2347 2265 2573 2326 autem
2605 2280 2691 2326 eo

469 2362 622 2454 ipso
650 2363 997 2431 fortuitum
1028 2373 1148 2431 est.
1251 2363 1489 2454 ltaque
1518 2365 1740 2456 primo
1774 2363 1893 2432 uhi
1922 2360 2370 2430 coniunctivus
2413 2382 2547 2452 pro
2581 2360 2692 2428 fu-

469 2473 621 2534 turo
672 2467 931 2558 positus
981 2476 1113 2552 est,
1169 2466 1430 2556 (licebit
1472 2467 1651 2535 enim
1697 2468 1789 2535 ita
1826 2465 2014 2555 loqui
2058 2463 2395 2532 brevitatis
2432 2486 2690 2551 caussa,

467 2577 834 2661 postquam
877 2568 1287 2638 ostendimus
1300 2617 1322 2655 ,
1376 2571 1722 2660 quomodo
1770 2568 2041 2638 differat
2083 2590 2126 2635 a
2166 2566 2429 2656 futuro)
2483 2563 2691 2658 saepe

470 2672 771 2741 adiectae
814 2672 1231 2740 inveniuntur
1282 2673 1656 2764 particulae
1693 2674 1860 2742 istae
1874 2723 1896 2761 ,
1966 2671 2143 2740 forte
2192 2668 2357 2761 quid
2393 2668 2691 2738 futurum

472 2798 617 2845 esse
641 2776 1040 2845 indicantes:
1089 2773 1282 2848 Iliad.
1315 2803 1385 2848 α.
1416 2772 1591 2850 205.

610 2963 613 2968 “
670 2923 751 3025 ᾗς
781 2924 1253 3026 ὑπεροπλίῃσι
1281 2920 1454 3019 τάχ’
1491 2925 1584 3002 ἄν
1616 2952 1799 3000 ποτε
1831 2919 2083 3018 θυμόν
2117 2919 2395 3019 ὀλέσσῃ.

469 3031 612 3149 Nos
650 3079 723 3148 id
753 3080 1164 3150 diceremus:
1220 3078 1462 3150 durch
1500 3080 1748 3151 scinen
1776 3077 2161 3148 iibermuth
2188 3075 2333 3146 soll
2363 3096 2452 3145 er
2492 3074 2687 3146 wohl
2819 3151 2824 3156 p

470 3184 658 3254 noch
701 3185 847 3253 das
879 3182 1084 3253 leben
1114 3184 1494 3254 verlieren.
1597 3188 1661 3258 λ.
1689 3182 1861 3252 433.

562 3337 569 3342 ’
675 3334 722 3434 ἦ
745 3364 865 3410 κεν
895 3336 1048 3435 ἐμῷ
1075 3330 1221 3413 ὕπο
1247 3335 1456 3434 δουρὶ
1489 3334 1729 3417 τυπεὶς
1760 3332 1903 3407 ἄπο
1935 3311 2183 3425 &vadit
2214 3325 2494 3424 ὀλέσσῃ.

469 3489 643 3559 Vide
683 3488 974 3563 α.13”Ι.
1034 3487 1208 3564 184.
1267 3489 1438 3559 324.
1488 3496 1559 3584 β.
1612 3485 1784 3556 488.
1825 3485 1995 3576 (od.
2047 3487 2108 3557 δ.
2170 3481 2379 3570 240.)
2436 3508 2497 3571 y.
2556 3476 2678 3547 54.

468 3591 643 3661 417.
693 3596 755 3665 λ.
811 3588 980 3660 38Ί.
1034 3601 1088 3675 ξ.
1145 3588 1316 3660 235.
1368 3620 1442 3665 π.
1499 3590 1673 3665 129.
1734 3619 1799 3680 χ.
1852 3585 2024 3656 505.
2077 3606 2154 3679 ψ.
2210 3581 2382 3653 559.
2426 3581 2561 3652 Od.
2608 3612 2677 3655 α.

467 3693 644 3768 396.
689 3697 749 3768 δ.
804 3692 976 3764 092.
1028 3721 1091 3767 κ.
1146 3693 1321 3768 5οΊ.
1369 3721 1431 3789 ρ.
1476 3693 1734 3783 418.
1739 3687 1971 3760 ,325.
2026 3685 2195 3757 350.
2270 3687 2450 3754 Hinc
2491 3685 2710 3782 tenui]

470 3797 844 3866 discrimine
904 3819 1110 3889 saepe
1159 3798 1608 3867 coniunctivus
1658 3805 1727 3865 et
1773 3795 2108 3888 optativus
2145 3792 2508 3882 iunguntur
2522 3836 2544 3873 ‚
2608 3796 2684 3856 ut

468 3902 658 3976 Iliad.
692 3928 755 3975 σ.
780 3899 953 3974 307.

1629 4042 1817 4123 dizo?
1850 4040 2032 4141 μάλ’
2064 4044 2290 4142 ἄντην

670 4149 1077 4254 στήσομαι,
1131 4152 1181 4249 ἦ
1207 4180 1285 4227 κε
1296 4152 1574 4249 ’φέρῃσι
1599 4153 1789 4246 μέγα
1817 4152 2052 4238 κλεᾞος
2106 4146 2154 4246 ἦ
2190 4172 2268 4219 κε
2296 4142 2678 4243 φεροίμην

467 4310 510 4378 i.
542 4333 601 4380 e.
631 4319 882 4379 utrum
910 4307 1035 4376 ille
1058 4303 1277 4400 forte
1314 4304 1735 4400 reperiatur
1770 4303 2092 4387 vincere,
2146 4322 2244 4368 an
2291 4319 2435 4391 ego
2465 4294 2682 4389 sorte

470 4412 760 4484 vincere.
788 4411 1094 4507 possim.
1198 4411 1309 4480 De
1347 4409 1484 4479 hoc
1511 4429 1766 4501 genere
1806 4405 1999 4474 dixi
1980 4428 2051 4472 m
2088 4402 2243 4471 diss.
2285 4401 2344 4469 I.
2378 4398 2467 4469 de
2496 4400 2679 4490 legg.

2206 4519 2269 4587 F
