3284 5159
581 436 671 499 oo
1251 434 1366 495 DE
1437 398 1984 496 PARTICVLA
2026 426 2121 495 ὃν

585 646 656 716 Ρ.
686 619 858 691 383.
914 615 1121 713 (455.
1172 616 1244 718 ᾗ.
1280 620 1349 694 2.
1398 621 1661 715 Bekk.)
1716 624 2274 692 consentientibus
2304 624 2524 692 libris.
2579 628 2804 717 ἐβου-

587 720 819 824 λόμην
850 725 988 818 μὲν
1020 721 1178 820 οὖν,
1232 722 1290 798 οἶ
1319 722 1751 824 Ἀθηναῖοι,
1805 726 1926 798 καὶ
1958 721 2092 824 τήν
2120 721 2394 821 βουλήν
2436 754 2609 806 τους
2642 753 2808 800 πεν

585 828 967 909 τακοσίους
992 826 1110 901 καὶ
1136 854 1269 908 τας
1293 828 1655 955 ἐκκλησιας
1684 827 1727 901 ι’
1719 823 1830 902 πό
1857 830 2003 903 τοῖν
2031 823 2530 926 ἐφεστηκότων
2564 826 2808 922 ὀρθως

584 935 1066 1021 διοικεῖσθαι,
1118 930 1239 1003 καὶ
1281 957 1452 1012 τους
1492 926 1797 1025 νόμους,
1849 930 1972 1013 οὓς
2000 934 2533 1026 ἐνομοθέτησεν
2570 930 2611 1005 ό
2638 927 2820 1005 Σό-
2849 1026 2855 1032 ⁸

579 1039 752 1206 aaz
746 1061 966 1210 aggae
940 1061 1065 1132 της
1092 1026 1421 1133 ρητόρων
1448 1032 1872 1145 εὐκοσμίας,
1928 1028 2220 1126 ἰσχύειν.
2310 1034 2801 1127 Aristophanes

785 1282 1192 1388 ἐβουλόμην
1238 1291 1379 1381 μέν
1432 1286 1561 1364 οὐκ
1612 1288 1870 1386 ἐρίζειν
1921 1284 2221 1364 ἐνθάδε·

487 1477 492 1483 ·
581 1444 699 1512 ubi
739 1442 1119 1512 Brunckius
1152 1465 1288 1511 non
1327 1444 1624 1513 debebat
1657 1441 1911 1510 addere
1953 1440 2005 1513 οἵ
2008 1471 2065 1513 ν.
2167 1441 2471 1533 Vterque
2511 1442 2801 1535 scriptor

581 1556 768 1615 recte
814 1547 1130 1636 loquutus
1183 1555 1303 1616 est.
1407 1549 1587 1615 Nam
1630 1547 1961 1639 significat
1997 1546 2165 1613 illud
2215 1539 2621 1640 ἐβουλόμην
2671 1568 2800 1616 cu-

569 1649 900 1743 piebam,
956 1651 1063 1718 cui
1105 1651 1420 1739 quoniam
1469 1672 1606 1717 non
1649 1658 1750 1717 est
1792 1648 2183 1740 oppositum
2236 1658 2321 1719 at
2360 1672 2507 1718 mm
2565 1650 2799 1744 cupio,

581 1763 766 1821 recte
814 1754 1004 1821 abest
1043 1750 1154 1824 ἄν.
1257 1753 1494 1843 Itaque
1541 1751 1731 1844 apud
1773 1752 2182 1821 Aeschinem
2234 1776 2503 1821 sensum
2547 1754 2799 1822 verbo-

579 1879 730 1923 rum
758 1858 959 1925 etiam
999 1856 1093 1923 ita
1130 1855 1289 1924 licet
1319 1856 1736 1948 exprimere,
1790 1853 2102 1924 debebat
2127 1856 2425 1926 servari
2454 1857 2799 1949 antiquus

579 1982 736 2029 mos
777 1958 1233 2031 iudiciorum.
1333 1959 1547 2051 Apud
1584 1958 2115 2051 Aristophanem
2156 1968 2380 2028 autem
2414 1962 2529 2050 qui
2573 1960 2796 2050 loqui-

580 2074 708 2150 tur,
753 2062 1156 2153 AeschyluS‚
1200 2084 1408 2152 quum
1444 2060 1823 2154 cupiebam
1860 2085 2005 2130 non
2053 2072 2351 2132 certare
2391 2062 2587 2155 dicit,
2656 2087 2799 2131 ma-

580 2189 743 2234 nere
773 2189 846 2234 se
876 2159 1170 2234 alienum
1188 2189 1230 2232 a
1257 2166 1555 2233 certandi
1583 2165 1948 2257 cupiditate
1976 2165 2248 2256 indicat,
2278 2167 2554 2253 etiamsi,
2589 2189 2798 2257 quum

582 2269 956 2337 detrectare
983 2277 1301 2359 nequeat,
1341 2278 1708 2337 certaturus
1732 2277 1868 2338 est:
1917 2269 1990 2336 id
2019 2269 2207 2358 quod
2224 2270 2330 2339 his
2357 2271 2578 2339 verbis
2599 2270 2794 2338 dicit.

761 2418 980 2514 ὅμως
1031 2417 1133 2501 δ’,
1190 2414 1437 2513 ἐπειδή
1490 2447 1609 2494 σοι
1663 2424 1863 2494 δοκεῖ
1875 2471 1897 2511 ,
1950 2422 2131 2519 δρᾶν
2182 2423 2424 2496 ταῦτα
2475 2417 2632 2522 χρή.

581 2574 722 2643 Sed
772 2574 1270 2642 observandum
1313 2583 1446 2659 est,
1510 2574 1621 2643 vix
1660 2574 1849 2642 aliter
1885 2573 2024 2642 hoc
2070 2576 2354 2644 verbum
2393 2569 2795 2675 ἐβουλόμην
2826 2635 2830 2644 .

581 2678 647 2745 ἰιι
698 2677 1045 2769 principio
1080 2676 1355 2767 quidem
1404 2679 1719 2747 orationis
1763 2702 1992 2746 carere
2031 2701 2233 2771 posse
2285 2679 2616 2771 particula
2670 2678 2790 2770 ἄν,

581 2804 787 2871 quam
820 2781 873 2848 si
899 2780 1035 2870 μὲν
1066 2781 1432 2869 adficiatur,
1486 2805 1624 2871 quo
1661 2781 1880 2850 statim
1910 2782 2255 2871 indicetur,
2311 2782 2432 2851 etsi
2462 2783 2606 2872 quis
2634 2783 2793 2851 velit

578 2884 864 2975 aliquid,
916 2893 1160 2972 tamen,
1212 2884 1399 2974 quod
1424 2886 1607 2971 velit,
1660 2908 1795 2953 non
1831 2885 1995 2953 fieri.
2097 2886 2335 2976 Itaque
2364 2884 2790 2955 Antisthenes

579 2988 811 3056 rhetor
828 2987 1198 3055 orationem
1213 2989 1478 3055 Aiacis
1458 3013 1525 3056 ιιι
1554 2988 1815 3056 Reiskii
1838 2986 2053 3057 Oratt.
2071 2990 2203 3057 vol.
2235 2989 2415 3059 VIII.
2391 3012 2503 3109 Ρ.
2536 2984 2655 3059 52.
2674 2989 2789 3078 sic,

579 3100 652 3158 ut
683 3089 867 3179 fecit,
922 3090 1204 3159 debuit
1185 3092 1518 3183 incipere.
1570 3085 1979 3185 ἐβουλόμην
2016 3119 2107 3164 αν
2132 3118 2304 3174 τους
2321 3079 2586 3174 αὖτους
2616 3090 2791 3189 ημῖν

444 3197 453 3206 '
584 3187 932 3281 δικάζειν,
986 3200 1195 3290 οἵπερ
1245 3221 1365 3266 και
1411 3198 1488 3267 ἐν
1534 3200 1690 3275 τοῖς
1729 3186 2108 3290 πράγμασι
2152 3194 2505 3294 παρῆσαν.
2609 3195 2790 3263 Nam

585 3296 639 3363 si
666 3296 1012 3383 omisisset,
1046 3319 1316 3365 narrare
1350 3297 1692 3366 videretur
1710 3319 1782 3364 se
1812 3297 2100 3365 voluisse
2127 3298 2315 3387 illud,
2353 3321 2531 3365 nunc
2565 3303 2787 3366 autem

580 3399 900 3467 abiecisse
954 3423 1107 3467 eam
1147 3402 1573 3469 voluntatem.
1679 3400 2102 3469 Simillimum
2156 3410 2256 3468 est
2293 3400 2430 3469 hoc
2481 3402 2789 3491 Dionysii

574 3500 730 3569 Hal.
776 3502 920 3573 Art.
964 3493 1169 3573 Rhet.
1213 3526 1271 3571 c.
1321 3502 1390 3571 3.
1405 3497 1574 3574 init.
1619 3527 1689 3595 p.
1726 3502 1896 3572 233.
1942 3503 2104 3595 ἐμοι
2143 3504 2282 3595 μὲν
2325 3499 2414 3601 ἦν
2455 3497 2783 3628 τερπνόν,

578 3630 808 3677 αυτον
853 3599 1185 3700 παρόντα
1245 3604 1366 3678 καὶ
1420 3600 1952 3703 συγχορεύοντα
2006 3605 2125 3678 και
2188 3601 2787 3700 άναβακχεύοντα

564 3699 771 3798 ’μετοῖ
826 3734 959 3781 σου
959 3762 988 3797 ,
1041 3708 1169 3805 τῆς
1209 3708 1414 3806 φίλης
1456 3708 1622 3802 ἐμοι
1667 3709 2001 3805 κεφαλῆς,
2054 3706 2325 3801 υμνεῖν.
2435 3709 2595 3794 Quo
2629 3711 2785 3779 loco

574 3810 685 3878 vix
710 3820 878 3901 puto
916 3812 1201 3881 dubitari
1227 3836 1430 3904 posse
1460 3812 1620 3902 quin
1652 3812 1973 3882 exciderit
1997 3813 2330 3906 particula
2378 3811 2490 3884 ἄν.
2592 3814 2784 3881 1)ίοί-

573 3922 682 3980 tur
712 3937 874 3982 vero
902 3915 1100 3983 etiam
1141 3909 1542 4013 ἐβουλόμην
1568 3915 1706 4007 μέν
1744 3914 1836 3988 ἄν
1848 3970 1877 4005 ,
1930 3924 2007 3983 ut
2035 3915 2221 4007 apud
2257 3914 2785 4030 Aristophanem

455 4070 457 4074 ,
572 4015 834 4086 Eccles.
874 4013 1046 4099 151.

781 4164 1186 4293 ἐβουλόμην
1237 4171 1374 4263 μὲν
1427 4177 1679 4267 ἕτερον
1724 4169 1817 4243 ἂν
1869 4196 2017 4243 των
2066 4165 2368 4267 ἠθάδων

778 4274 1007 4364 λέγειν
1060 4302 1153 4346 τα
1204 4270 1579 4367 βε”,λτισθ
1634 4268 1732 4346 ἱ”ν
1785 4265 2159 4370 ἐκαθήμην
2210 4270 2485 4370 ἥσυχος.

576 4425 711 4509 Qui
739 4426 961 4513 locuS,
1020 4437 1094 4496 ut
1118 4428 1424 4523 plerique
1452 4450 1716 4513 omneS‚
1766 4426 1836 4494 in
1869 4425 2111 4516 quibus
2151 4427 2487 4495 adiectum
2527 4435 2628 4495 est
2666 4427 2776 4507 ἄν,
