3284 5159
602 461 692 522 94
1304 452 1417 513 DE
1470 452 2017 516 PARTIchA
2062 449 2156 548 ἃ.)

607 649 663 718 si
692 647 977 730 debeas,
1032 643 1154 712 sed
1189 641 1549 726 debeasne,
1601 643 1887 732 quaeris.
1990 643 2228 732 ltaque
2272 643 2606 734 particula
2650 667 2817 713 con-

608 750 936 819 ditionalis
972 745 1062 819 ἄν
1091 745 1584 826 abessedebet.
1651 746 1919 813 Eadem
1951 746 2019 814 in
2041 746 2461 815 adhortando
2492 747 2662 814 ratio
2692 757 2813 821 est.

812 848 1022 937 Quod
1049 850 1258 919 sicubi
1285 848 1671 917 huiusmodi
1708 850 2137 918 coniunctivis
2165 849 2467 918 additum
2494 850 2818 919 invenitur

606 956 698 1030 ἄν
709 1012 737 1045 ,
790 963 906 1022 aut
935 954 1024 1020 ad
1052 955 1250 1021 aliam
1280 975 1520 1021 vocem
1561 953 1893 1043 pertinet,
1945 965 2019 1020 ut
2050 953 2140 1020 ad
2165 954 2596 1044 participium
2626 953 2818 1044 apud

603 1056 1384 1130 Pseudodemosthenem
1425 1056 1496 1123 in
1541 1055 1820 1123 Erotico
1867 1079 1939 1147 p.
1989 1055 2380 1143 1404,14.
2432 1052 2491 1152 ᾦ
2535 1054 2681 1128 τίν’
2722 1055 2816 1129 ἄν

604 1155 1126 1257 ἁρμόττουσαν
1160 1152 1400 1232 εἰκόνα
1437 1159 1690 1250 ἐνέγκω
1728 1158 2009 1231 σκοπῶν
2057 1155 2188 1248 οὐχ
2217 1155 2403 1253 ὁρῶς
2443 1160 2555 1227 vel
2573 1159 2726 1226 ad
2706 1182 2817 1227 m-

601 1264 927 1334 finitivum
970 1272 1046 1330 ut
1084 1262 1288 1353 apud
1327 1262 1682 1330 Platonem
1720 1261 1809 1329 de
1851 1261 2079 1354 Legg.
2121 1262 2207 1334 Π.
2248 1285 2322 1354 p.
2370 1257 2547 1334 655.
2591 1261 2671 1333 C.
2736 1259 2817 1334 τί

602 1363 778 1439 ποτ’
809 1365 900 1438 ἄν
932 1361 1059 1438 οὖν
1084 1367 1398 1458 λέγωμεν
1419 1391 1506 1436 το
1490 1356 1975 1461 πεπλανηκός
2004 1363 2191 1462 ημᾶς
2218 1361 2445 1449 εἶναι,·
2480 1361 2596 1432 aut
2618 1388 2814 1433 men-

604 1470 767 1538 dum
829 1468 1093 1553 subest,
1158 1476 1234 1535 ut
1274 1467 1345 1535 in
1382 1465 1658 1535 Critone
1706 1466 2003 1536 Platonis
2051 1491 2125 1559 p.
2168 1462 2291 1539 50.
2326 1468 2404 1538 C.
2452 1491 2656 1559 quem
2702 1470 2811 1536 lo·-

605 1596 758 1641 cum
803 1569 1135 1639 Matthiae
1166 1566 1239 1665 ἕ.
1284 1564 1456 1637 516.
1503 1568 1735 1649 affert,
1791 1568 1870 1641 τί
1918 1565 2048 1644 οὖν
2087 1569 2179 1642 ἂν
2217 1572 2510 1644 εἴπωσιν
2557 1576 2631 1643 οἱ
2673 1564 2811 1644 νό-

598 1699 768 1770 μοις
815 1674 1083 1766 pridem
1126 1675 1301 1742 enim
1328 1681 1513 1741 recte
1545 1671 1800 1741 editum
1834 1682 2014 1752 erat,
2065 1674 2144 1744 τί
2169 1669 2335 1757 οὖν,
2388 1672 2480 1748 ἄν
2515 1675 2811 1746 εἴπωσιν

602 1785 675 1853 οἱ
703 1771 963 1868 νόμοις
1021 1776 1200 1869 quid
1235 1797 1446 1862 vero,
1497 1776 1564 1845 si
1599 1776 1807 1869 leges
1850 1772 2164 1846 dicant?
2227 1777 2337 1845 vel
2379 1777 2448 1845 in
2491 1774 2811 1846 Phaedro

596 1906 667 1974 p.
699 1878 869 1950 231.
899 1879 984 1948 D.
1021 1888 1089 1947 et
1119 1881 1191 1948 in
1236 1878 1526 1949 Philebo
1555 1902 1628 1971 p.
1663 1874 1785 1946 15.
1834 1879 1915 1950 C.
1962 1880 2078 1970 qui
2109 1880 2242 1947 loci
2275 1902 2454 1948 nunc
2486 1902 2570 1947 ex
2604 1878 2807 1950 codd.

597 1983 880 2053 correcti
906 1991 1090 2065 sunt3
1143 1984 1251 2051 vel
1276 1982 1464 2074 apud
1499 1982 1906 2051 Strabonem
1935 2007 2004 2075 p.
2035 1980 2207 2050 679.
2245 1982 2352 2051 ed.
2403 1982 2558 2055 Cas,
2594 1980 2804 2071 (997.

598 2087 679 2157 C.
713 2088 894 2156 Alm.
927 2086 1014 2154 T.
1045 2084 1127 2157 V.
1160 2109 1231 2178 p.
1272 2083 1441 2154 726.
1471 2084 1894 2176 T-zschuck.)
1950 2082 2093 2158 τίν’
2122 2083 2213 2157 ἄν
2251 2078 2527 2178 λα’βωσι
2556 2077 2762 2167 &view
2781 2111 2809 2166 ‚-

593 2191 711 2259 ubi
741 2213 825 2259 ex
867 2187 1220 2257 Schaeferi
1262 2188 1581 2257 sententia
1612 2188 1706 2255 ad
1734 2187 1953 2281 Soph.
1992 2187 2171 2259 Oed.
2212 2187 2362 2257 Col.
2393 2187 2614 2256 1418.
2652 2210 2808 2254 cum
2918 2233 2926 2239 -

516 2273 531 2282 “
595 2293 797 2362 codd.
830 2292 1232 2382 quibusdam
1274 2290 1364 2365 ἂν
1395 2290 1780 2360 delendum.
1883 2292 2077 2360 mem
2106 2291 2515 2361 Schaefems
2543 2292 2614 2359 in
2641 2288 2806 2359 Me-

594 2398 705 2464 let.
755 2420 846 2463 cr.
884 2417 961 2486 p.
995 2392 1131 2465 ·98.
1177 2418 1227 2462 s,
1278 2395 1423 2462 iure
1461 2395 1807 2485 improbat
1842 2395 2171 2488 Stephani
2210 2395 2569 2464 lectionem
2618 2393 2806 2487 apud

594 2497 1011 2591 Sophoclem
1039 2498 1107 2565 in
1134 2495 1388 2603 Trach.
1421 2495 1594 2566 949.

796 2643 1073 2747 πότερα
1098 2643 1409 2747 πρότερ’
1445 2648 1536 2722 ἄν
1575 2650 1917 2723 ε’πιστένω
1931 2676 1960 2733 ,·

592 2805 880 2876 Gravius
913 2803 1144 2872 vitium
1192 2803 1355 2872 latet
1387 2803 1574 2894 apud
1618 2805 1974 2873 Platonem
2012 2804 2080 2871 in
2109 2804 2490 2897 Protagora
2523 2828 2595 2896 p.
2628 2802 2802 2876 319.

587 2911 672 2980 Β.
710 2908 827 2977 ubi
855 2907 1258 2975 conveniunt
1295 2906 1448 2975 libri
1474 2930 1708 2975 omnes
1742 2908 1810 2975 in
1854 2907 1986 2976 hac
2019 2907 2385 2999 scriptura:
2437 2908 2550 2979 σοι’
2583 2909 2659 2980 δὲ
2685 2909 2802 2981 λε’-

587 3040 795 3105 γοντι
826 3005 955 3083 οὐκ
989 3011 1123 3099 ἔχω
1169 3007 1356 3090 ὅπως
1386 3008 1476 3081 ἄν
1504 3006 1808 3084 οἷπιστῶ.
1911 3011 2154 3100 Neque
2202 3011 2380 3079 enim
2429 3011 2798 3101 quidquam

587 3115 905 3207 proficias
918 3163 938 3200 ,
991 3113 1045 3180 si
1074 3135 1228 3180 cum
1254 3113 1655 3182 Heindorfio
1683 3123 1797 3181 aut
1820 3113 2038 3183 'deleri
2062 3112 2154 3186 ἄν
2185 3109 2418 3182 iubeas
2436 3161 2457 3198 ,
2510 3122 2624 3181 aut
2652 3137 2798 3183 ser-

586 3226 743 3286 vato
784 3239 1074 3309 reponas
1131 3216 1505 3308 optativum
1520 3267 1540 3304 ,
1614 3218 1770 3306 quia
1815 3240 1991 3307 quae
2034 3217 2451 3309 praecedunt
2486 3240 2796 3307 quaeque

588 3328 953 3410 sequuntur
996 3319 1395 3387 contrariam
1433 3320 1778 3410 requirunt
1818 3321 2247 3389 sententiam:
2315 3329 2388 3388 ut
2444 3322 2754 3413 corrig-en
2777 3359 2791 3371 -

586 3423 751 3491 dum
788 3422 1126 3511 videatur,
1180 3421 1295 3494 σοὶ
1325 3424 1402 3496 δὲ
1427 3424 1707 3516 λέγοντι
1736 3419 1865 3496 οὐκ
1902 3424 2036 3514 ἔχω
2071 3420 2260 3504 ὅπως
2283 3418 2725 3497 οἷναπεισθοῖ.

1630 3626 1746 3695 VI.

583 3782 713 3852 De
753 3778 1249 3852 sententiis
1299 3779 2112 3852 conditionalibus
2152 3791 2236 3852 et
2262 3779 2784 3876 finalibus.

784 3934 1184 4024 Priusquam
1216 3932 1303 4001 de
1347 3956 1475 4002 usu
1514 3936 1884 4027 particulae
1928 3933 2021 4006 ἄν
2065 3935 2137 4004 ἰη
2170 3935 2503 4004 sententiis
2548 3936 2784 4003 condi-

578 4037 931 4107 tionalibus
963 4046 1032 4105 et
1059 4036 1364 4105 finalibus
1393 4037 1674 4124 dicatur,
1725 4039 1954 4131 paucis
1987 4038 2076 4105 de
2105 4047 2340 4106 natura
2361 4037 2601 4106 harum
2631 4062 2775 4107 sen-

577 4142 929 4211 tentiarum
976 4164 1057 4208 ac
1098 4140 1479 4208 diversitate
1517 4143 1984 4233 explicandum
2027 4150 2145 4209 est.
2247 4142 2341 4209 Et
2368 4142 2785 4209 conditiona-

577 4246 674 4313 les
704 4242 978 4334 quidem
1021 4238 1370 4311 sententias
1411 4267 1522 4312 eas
1565 4268 1884 4314 vocamus
1903 4299 1923 4332 ‚
1980 4245 2215 4333 quibus
2258 4268 2489 4332 caussa
2514 4245 2783 4312 indica-

575 4356 720 4433 tur,
774 4368 908 4435 qua
953 4367 1353 4438 praegressa
1395 4347 1578 4415 aliud
1634 4348 1797 4436 quid
1844 4357 2323 4437 consequatur3
2372 4348 2606 4415 finales
2666 4370 2779 4415 au-

573 4458 713 4518 tem
754 4449 899 4515 illas
915 4495 935 4533 ,
986 4449 1227 4538 quibus
1267 4458 1540 4519 eventus
1581 4452 2023 4543 significatur,
2079 4451 2170 4518 ob
2222 4473 2423 4540 quem
2474 4450 2779 4523 efficien-
