3284 5159
1209 427 1377 491 LIB.
1421 426 1469 494 1.
1548 425 1747 492 CAP.
1792 431 1895 499 12.
2606 433 2697 501 ⁸⁰

478 620 847 716 particulae
893 618 1303 704 adiectione,
1342 617 1441 690 'et
1478 618 1604 689 nisi
1646 641 1916 712 semper
1929 666 1951 704 ‚
2009 626 2245 688 tamen
2288 620 2693 713 plerumque

481 749 566 793 ea
590 748 840 796 carere.
944 722 1099 795 Vid.
1126 720 1459 791 Matthiae
1498 745 1603 815 gr.
1634 722 1762 797 Gr.
1794 717 1868 817 §.
1899 717 2074 797 51⁰.
2105 721 2176 792 6.
2230 733 2298 793 et
2329 747 2533 814 quem
2578 726 2693 796 ille

479 828 712 897 laudat
728 826 1178 897 Schaeferum
1200 824 1440 899 Melet.
1470 849 1565 899 cr.
1592 849 1664 917 p,
1694 824 1867 900 130.
1896 848 2040 917 seq.
2069 825 2158 895 de
2185 827 2365 921 χρῆν
2393 837 2462 896 et
2481 829 2691 918 ἔμελ-

480 935 609 1004 λον
654 930 1106 1000 disserentem.
1210 929 1368 998 Non
1408 938 1664 998 temere
1705 928 1842 996 hoc
1871 930 2045 1017 fieri,
2098 930 2379 1013 sensisse
2424 929 2691 1000 videtur

479 1032 811 1102 Matthiae
855 1029 929 1129 §.
974 1031 1150 1105 508.
1198 1041 1338 1104 not.
1383 1031 1455 1105 l.
1490 1031 1615 1101 sed
1648 1030 1947 1100 debebat
1992 1055 2143 1101 eam
2174 1026 2500 1102 rationem
2530 1057 2689 1102 am-

478 1129 654 1230 plius
686 1138 1009 1230 persequi
1025 1190 1045 1226 ‚
1095 1134 1492 1228 praesertim
1532 1157 1744 1225 quum
1780 1135 1872 1202 ita
1902 1135 2187 1227 simplex
2219 1144 2289 1204 et
2334 1138 2539 1227 plana
2586 1138 2691 1222 sit,

480 1249 718 1308 utnon
742 1241 956 1333 possit
980 1262 1117 1309 non
1145 1239 1368 1307 statim
1401 1240 1607 1309 cuivis
1639 1261 1998 1330 apparere.
2098 1240 2342 1327 Neque
2369 1241 2548 1308 enim
2580 1241 2691 1309 ul·‘-

480 1344 622 1411 lum
663 1345 928 1413 illorum
976 1342 1339 1412 verborum
1394 1351 1526 1429 est,
1596 1341 1787 1431 quod
1819 1364 1955 1409 non
1997 1351 2112 1410 aut
2152 1364 2359 1432 saepe
2401 1352 2519 1411 aut
2562 1344 2692 1411 ali-

480 1446 967 1536 quandocerte
993 1445 1393 1539 particulam
1421 1443 1513 1518 ἄν
1534 1454 1681 1513 tam¹
1714 1431 2087 1514 necessario
2113 1446 2432 1533 requirat,
2486 1465 2692 1536 quam

481 1550 635 1618 alibi
666 1548 1163 1641 *adspernetun'
1238 1550 1421 1619 Nam
1460 1548 1870 1638 ubicumque
1909 1546 2163 1640 aliquid
2179 1596 2199 1632 ‚
2258 1547 2450 1637 quod
2491 1549 2694 1622 etiam

479 1653 620 1721 sine
654 1652 1038 1720 conditione
1086 1669 1318 1721 verum
1361 1660 1499 1739 est,
1554 1662 2154 1738 commemoratur,
2206 1651 2444 1721 abesse
2488 1652 2699 1722 debet

478 1756 850 1848 particula:
917 1755 1035 1823 ubi
1086 1762 1312 1822 autem
1363 1753 1615 1843 aliquid
1666 1754 2088 1825 nominamus
2101 1802 2122 1839 ‚
2190 1754 2382 1843 quod
2435 1756 2697 1825 nonnisi

480 1846 668 1927 certa
697 1857 1081 1928 conditione
1106 1878 1347 1925 verum
1383 1864 1519 1942 est,
1569 1858 1944 1925 necessaria
1981 1866 2083 1927 est
2104 1857 2476 1948 particulae
2502 1857 2697 1927 adie-

482 1963 636 2030 ctio.
738 1961 1139 2053 Intelligitur
1164 1960 1238 2028 id
1278 1969 1504 2028 autem
1544 1981 1630 2029 ex
1657 1961 1998 2052 opposito.
2100 1961 2282 2030 Nam
2325 1960 2513 2052 quod
2547 1962 2695 2033 sine

482 2064 865 2134 conditione
905 2086 1142 2134 verum
1186 2070 1322 2154 est,
1376 2063 1440 2133 ei
1486 2085 1626 2132 non
1658 2064 1814 2131 licet
1855 2063 2115 2156 opponi
2128 2114 2150 2151 ,
2200 2084 2337 2131 non
2375 2085 2526 2133 esse
2570 2086 2691 2134 ve-

479 2190 664 2237 rum:
716 2167 904 2259 quod
933 2176 1157 2236 autem
1187 2177 1370 2237 certa
1393 2174 1652 2235 tantum
1679 2165 2062 2235 conditione
2088 2173 2207 2254 est,
2260 2166 2325 2234 ei
2347 2175 2533 2236 recte
2561 2188 2697 2261 op-

478 2289 692 2364 pones
709 2319 731 2357 ,
806 2294 942 2341 non
1002 2287 1149 2339 esse
1166 2322 1188 2359 ,
1271 2270 1533 2340 sublata
1594 2243 2044 2343 conditione.
2097 2267 2482 2340 Declarabo
2546 2293 2697 2341 rem

364 2475 369 2480 ·
480 2375 829 2470 exemplis.
932 2373 1318 2468 Sophocles
1347 2372 1459 2442 El.
1499 2367 1724 2442 15⁰5.

681 2577 864 2677 χρῆν
917 2572 990 2651 δ’
1043 2570 1266 2659 eti-9139
1315 2572 1506 2651 εἶναι
1556 2565 1777 2676 τήνδε
1823 2582 1979 2660 τοῖς
2027 2575 2252 2652 πᾶσιν
2303 2573 2527 2679 δίκην,

585 2769 590 2774 ,
683 2678 874 2763 ὅςτις
922 2682 1108 2779 πέρα
1156 2673 1516 2802 πράσσειν
1565 2708 1670 2803 γε..
1698 2708 1847 2755 των
1896 2674 2144 2774 νόμων
2191 2679 2444 2776 θέλει,

684 2782 1031 2859 κτείνειν·
1083 2809 1172 2859 το
1226 2809 1366 2883 γαρ
1427 2782 1844 2880 πανοῦργον
1887 2810 2028 2858 ουκ
2077 2782 2174 2857 ἄν
2224 2778 2315 2882 ἦν
2364 2777 2574 2859 πολύ.

491 2985 698 3085 Χρῆν
739 2986 937 3075 dicit,
1005 2988 1164 3077 quia
1221 2995 1539 3080 oportere
1581 2986 1834 3058 indicat
1881 2989 2024 3058 sine
2076 2986 2495 3059 conditione:
2564 3009 2697 3059 nec

478 3099 723 3184 potest
741 3091 1037 3183 opponi,
1103 3086 1266 3166 οἷλλ
1308 3116 1396 3163 ου
1444 3083 1617 3188 χρήε
1681 3114 1841 3160 nam
1878 3093 1934 3161 si
1976 3100 2279 3184 oportet,
2346 3092 2694 3185 quomodo

479 3202 706 3285 potest
731 3216 870 3263 non
893 3204 1209 3290 oportere
1233 3194 1269 3262 ?
1316 3193 1411 3262 At
1438 3216 1576 3262 non
1609 3198 1833 3264 omnia
1865 3198 2056 3281 fiunt,
2106 3218 2282 3286 quae
2313 3196 2695 3290 oportebat.

477 3297 715 3386 Itaque
755 3297 943 3388 quod
992 3319 1344 3389 opponere
1392 3306 1626 3418 pota,
1679 3298 1864 3367 aliud
1910 3308 2041 3368 est.
2108 3295 2277 3371 ἀλλ’
2333 3295 2466 3373 οὐκ
2511 3301 2690 3374 ἔστι.

483 3398 738 3470 Contra
785 3423 922 3469 non
958 3399 1157 3488 dicit,
1199 3394 1292 3474 τό
1324 3426 1464 3496 γαρ
1509 3401 1926 3497 πανοῦργον
1964 3398 2095 3476 οὐκ
2145 3396 2234 3498 ἦν
2278 3395 2513 3481 πολυ,
2567 3401 2694 3471 sed

481 3501 670 3571 addit
706 3503 1128 3596 particulam.
1230 3496 1409 3573 Nam
1450 3503 1564 3571 illa
1599 3513 1857 3575 tantum
1887 3504 2268 3574 conditione
2299 3526 2440 3574 non
2470 3506 2695 3574 forent

480 3605 675 3674 multi
706 3605 963 3680 nefarii.
1066 3604 1274 3698 Atqui
1290 3658 1312 3698 ,
1366 3607 1523 3728 quia
1548 3630 1687 3677 non
1727 3617 1941 3678 exstat
1967 3610 2078 3678 lex
2103 3608 2218 3676 illa
2233 3660 2253 3697 ‚
2306 3617 2458 3676 sunt
2483 3608 2692 3677 multi.

481 3707 718 3800 Itaque
740 3710 1130 3803 oppositum
1155 3718 1296 3795 est,
1349 3704 1513 3784 ἀλλ’
1541 3712 1701 3785 ἔστι
1725 3705 1933 3787 πολυ.
2036 3712 2182 3779 Iam
2224 3711 2422 3780 facile
2449 3711 2695 3780 intelli-

482 3821 717 3903 getur‚
782 3834 901 3882 cur
951 3837 1034 3882 ea
1073 3813 1495 3905 potissimum
1531 3814 1742 3884 verba
1756 3865 1778 3904 ‚
1843 3838 2023 3907 quae
2069 3816 2184 3884 vel
2231 3816 2696 3885 necessitatem

483 3915 776 4005 aliquam
829 3916 1242 4008 significant,
1319 3924 1397 3984 ut
1451 3914 1727 4039 mmai-e,
1795 3919 2051 4016 ἐχρῆν,
2114 3918 2298 4007 ἔδει,
2365 3920 2694 4039 neceque,

479 4020 593 4087 vel
622 4019 1003 4088 libertatem
1044 4019 1371 4107 faciendi,
1422 4030 1498 4089 ut
1540 4019 1735 4117 ἐξῆν,
1790 4021 2001 4118 ἐνῆν,
2038 4021 2151 4090 vel
2186 4021 2536 4092 veritatem
2576 4021 2697 4109 rei,

446 4129 557 4191 ,111
587 4116 675 4217 ἦν
688 4175 718 4211 ,
772 4122 1100 4215 ἔμελλεν,
1153 4123 1538 4215 saepissime
1567 4134 1840 4193 careant
1878 4125 2246 4217 particulae
2288 4125 2694 4197 accessione.

480 4224 659 4292 Nam
691 4231 867 4315 qu'ae
912 4227 1060 4295 fieri
1091 4237 1396 4319 oportet,
1461 4226 1570 4296 vel
1616 4229 1810 4318 licet,
1864 4230 1974 4299 vel
2017 4253 2194 4320 quae
2237 4236 2387 4324 sunt
2433 4237 2550 4297 aut
2590 4228 2696 4298 fu·

352 4433 357 4441 .
482 4325 635 4395 tura'
676 4337 828 4399 sunt
841 4377 862 4419 ‚
925 4331 1330 4423 plerumque
1374 4329 1765 4425 simpliciter
1808 4333 2159 4404 veritatem
2196 4334 2296 4405 rei
2337 4333 2698 4420 continent,
