3284 5159
563 434 654 501 ae
1008 406 1014 412 ’
1247 431 1364 494 nn
1436 430 1983 495 ruvncvm
2030 427 2110 497 ἂν

567 644 780 715 quum
818 621 1052 714 multi,
1106 621 1304 713 quod
1340 619 1747 714 plerumque
1790 622 1941 692 fieri
1982 621 2321 713 viderent,
2371 621 2626 715 ubique
2673 624 2784 704 fa·-

567 727 882 798 ciendum
927 726 1134 795 fuisse
1184 725 1652 796 existimarent.
1755 727 1915 812 Qua
1957 726 2276 820 opimone
2318 724 2484 797 nihil
2528 728 2598 796 in
2639 737 2799 799 arte.

500 821 506 828 ’
567 831 798 901 critica
845 828 1129 925 cogitari
1158 837 1388 922 potest
1414 829 1871 922 perniciosius.
1977 829 2465 915 Quaerendum
2507 839 2609 901 est
2646 855 2780 925 po-

564 934 696 1003 tius
712 982 734 1022 ,
783 941 1009 1002 utrum
1050 932 1215 1054 quid
1244 932 1653 1017 necessario,
1704 955 1790 1002 an
1821 955 1948 1003 usu
1977 933 2280 1023 quodam
2306 942 2376 1002 et
2418 945 2782 1004 consuetu-
2815 949 2824 956 ·

566 1036 722 1106 dine
735 1036 873 1126 fiat,
911 1038 1320 1126 omninoque
1338 1058 1613 1105 caussae
1624 1036 1812 1129 prius
1831 1045 1981 1106 sunt
2008 1036 2538 1130 investigandae,
2576 1061 2783 1129 quam

563 1127 843 1233 regulae
870 1133 1398 1213 constituendae.
1501 1139 1599 1208 Et
1619 1138 1754 1207 hac
1784 1139 2109 1230 quidem
2089 1164 2160 1209 m
2187 1164 2263 1210 re
2276 1191 2298 1228 ,
2339 1139 2406 1207 in
2438 1163 2575 1232 qua
2604 1164 2783 1210 nunc

565 1265 945 1331 versamur,
993 1242 1162 1316 illud
1185 1250 1340 1311 ante
1370 1242 1594 1311 omnia
1631 1242 1999 1313 videndum
2039 1252 2177 1332 est,
2229 1242 2396 1333 quid
2424 1244 2538 1323 sit,
2593 1244 2784 1333 quod

565 1346 849 1416 dicimus
878 1346 1091 1415 omitti
1118 1346 1535 1437 particulam.
1605 1344 1842 1415 Potest
1872 1348 2053 1416 enim
2091 1345 2448 1439 dupliciter
2477 1348 2782 1442 intelligi.

562 1451 744 1520 Nam
782 1457 900 1520 aut
940 1447 1108 1518 nihil
1147 1448 1392 1520 mutari
1429 1448 1822 1518 sententiam
1863 1459 2177 1542 putamus
2220 1450 2523 1518 detracta
2561 1451 2781 1541 parti-

564 1554 738 1639 cula,
781 1561 898 1621 aut
919 1551 1163 1620 mutari
1192 1551 1489 1641 quadam
1514 1552 1794 1626 ratione.
1866 1553 2131 1638 Quodsi
2157 1553 2321 1622 nihil
2346 1551 2593 1620 mutari
2620 1576 2780 1621 sen-

560 1656 838 1725 tentiam
880 1655 1215 1742 volemu8‚
1265 1663 1451 1723 recte
1507 1654 1783 1745 quidem
1839 1656 2195 1742 loquemur
2208 1703 2230 1743 ,
2299 1676 2508 1742 quum
2564 1657 2781 1723 omitti

560 1753 962 1852 particulam
1003 1757 1302 1827 dicemus
1319 1808 1341 1845 ,
1393 1757 1517 1826 sed
1564 1754 2050 1824 committemus
2096 1764 2322 1824 tamen
2350 1756 2603 1847 aliquid
2650 1759 2779 1827 ab-

561 1860 746 1932 surdi
760 1909 782 1946 ,
834 1860 993 1951 quia
1039 1862 1094 1929 si
1139 1860 1470 1953 particula
1500 1856 1756 1947 aliquid
1781 1866 2009 1927 tamen
2032 1857 2382 1951 significat,
2431 1859 2598 1928 nihil
2626 1884 2779 1930 eam

558 1964 936 2057 siguificare
974 1985 1252 2033 necesse
1294 1967 1503 2050 ess'et,
1555 1961 1610 2030 si
1635 1960 1919 2054 perinde
1959 1971 2167 2051 esset,
2221 1969 2445 2031 utrum
2481 1962 2776 2033 addere-

555 2077 667 2137 tur
694 2087 782 2137 an
796 2093 803 2102 ·
816 2068 1253 2138 omitteretur.
1356 2064 1479 2134 Sin
1514 2065 1763 2133 mutari
1795 2065 2156 2135 omissione
2179 2065 2551 2158 particulae
2582 2069 2777 2136 vole-

555 2194 707 2240 mus
761 2169 1193 2257 sententiam,
1284 2167 1499 2237 omitti
1532 2167 1963 2261 particulam
2019 2191 2156 2238 non
2210 2176 2398 2238 recte
2450 2168 2775 2259 dicemus,

556 2275 751 2365 quia,
803 2273 923 2341 ubi
961 2294 1098 2342 non
1135 2269 1305 2340 illud
1344 2270 1863 2365 significandum
1901 2280 2034 2362 est,
2085 2271 2179 2341 ad
2221 2271 2409 2362 quod
2451 2293 2626 2365 opus
2672 2283 2776 2343 est

552 2377 920 2471 particula,
971 2376 1215 2445 abesse
1234 2397 1387 2446 eam
1410 2375 1867 2445 necessarium
1896 2384 2029 2463 est,
2080 2385 2157 2444 ut
2179 2397 2320 2443 non
2350 2376 2598 2462 omitti,
2651 2377 2774 2447 sed

553 2504 690 2551 non
716 2478 1051 2573 ponenda·
1065 2502 1214 2547 esse
1261 2477 1549 2547 dicenda
1577 2478 1678 2547 sit.
1781 2478 2020 2570 ltaque
2050 2501 2257 2570 quum
2285 2478 2539 2548 utrovis
2563 2481 2773 2550 modo

553 2586 884 2654 absonum
922 2583 1037 2670 sit,
1089 2582 1406 2652 omissam
1438 2581 1574 2650 dici
1605 2582 2039 2673 particulam,
2090 2582 2457 2651 videndum
2493 2605 2583 2653 an
2629 2592 2771 2653 ter-

552 2689 646 2756 tia
677 2685 1013 2778 quaedam
1051 2687 1223 2755 ratio
1257 2686 1671 2776 relinquatur
1686 2737 1707 2769 ,
1760 2708 1895 2777 qua
1928 2686 2074 2754 iure
2112 2684 2247 2754 dici
2286 2686 2504 2778 possit
2535 2689 2772 2758 omitti.

550 2790 680 2859 Est
716 2812 881 2859 vero
916 2791 1033 2858 ita.
1136 2790 1318 2858 Nam
1344 2787 1590 2859 mutari
1629 2789 2020 2858 sententiam
2046 2812 2256 2879 quum
2284 2789 2567 2860 dicimus
2582 2846 2603 2882 ‚
2655 2801 2774 2862 aut

549 2894 756 2986 plane
785 2893 970 2962 aliud
1000 2892 1164 2984 quid
1190 2892 1419 2963 dicere
1442 2914 1598 2962 eum
1612 2943 1632 2980 ,
1682 2892 1798 2981 qui
1829 2892 2124 2986 loquitur
2138 2942 2158 2979 ,
2208 2893 2604 2981 indicamus,
2655 2905 2772 2965 aut

549 2998 734 3066 idem
763 2996 1037 3087 quidem
1052 3047 1072 3084 ,
1126 2996 1250 3066 sed
1279 3015 1433 3065 cum
1472 2995 1607 3066 levi
1637 2996 1864 3086 aliquo
1897 3003 1967 3063 et
2008 2995 2197 3083 quod
2224 3017 2362 3065 non
2400 2998 2631 3091 magni
2653 3021 2770 3068 re-

551 3101 727 3168 ferat
754 3092 1130 3171 discrimine
1156 3099 1402 3169 dicere.
1506 3098 1603 3168 Et
1629 3098 1765 3166 hoc
1805 3098 2079 3190 quidem
2103 3121 2315 3188 quum
2344 3101 2457 3188 fit,
2509 3110 2584 3169 ut
2610 3124 2769 3171 sen-

548 3205 760 3272 tentia
799 3212 1071 3271 maneat
1106 3203 1346 3271 eadem
1362 3254 1382 3291 ,
1433 3211 1813 3294 parumque
1861 3202 2152 3287 intersit,
2217 3210 2439 3271 utrum
2481 3203 2769 3273 addatur
2857 3227 2860 3230 ·

550 3330 636 3375 an
685 3306 1027 3374 omittatur
1040 3356 1060 3393 ,
1127 3315 1273 3374 tum
1316 3328 1481 3375 vero
1519 3307 1705 3374 recte
1750 3304 1979 3374 licebit
2017 3305 2332 3374 omissam
2372 3307 2522 3376 dici.
2626 3310 2767 3377 lta-

549 3432 685 3499 que
715 3408 894 3476 hanc
938 3431 1211 3498 omnem
1255 3409 1772 3501 disputationem
1804 3407 1874 3476 in
1904 3408 2069 3477 duas
2103 3418 2333 3501 partes
2369 3410 2765 3499 dividemuS,

550 3534 838 3602 quarum
860 3512 935 3579 in
973 3512 1201 3603 priore
1247 3513 1336 3582 de
1379 3512 1726 3604 particula
1750 3513 2128 3581 necessario
2147 3513 2449 3601 omissa,
2491 3515 2535 3587 i.
2575 3538 2635 3586 e.
2676 3538 2765 3584 ne

464 3660 473 3669 -
546 3614 869 3707 ponenda
913 3614 1189 3704 quidem
1209 3666 1229 3706 ,
1282 3616 1355 3685 in
1400 3616 1611 3685 altera
1646 3614 1737 3684 de
1771 3635 1908 3686 non
1944 3617 2320 3687 necessaria
2370 3617 2511 3688 eius
2554 3619 2763 3688 omis-

547 3720 734 3788 sione
763 3717 1082 3788 dicemus.

546 4076 680 4148 De
727 4075 1258 4148 indicativo
1310 4077 1807 4168 particula
1873 4075 1979 4149 ἂν
2028 4078 2171 4147 vel
2213 4076 2363 4152 κᾶν
2429 4100 2757 4182 neces-

1303 4196 1567 4267 sario
1619 4195 1984 4268 omissa.

748 4288 1063 4424 vulgaris
1107 4343 1211 4403 est
1271 4332 1541 4425 opinio,
1604 4333 1821 4403 verba
1872 4332 2237 4424 quaedam,
2318 4342 2396 4401 ut
2453 4331 2758 4428 niwelen,

547 4438 884 4531 ἔμελλον,
951 4435 1206 4534 ἐχρῆν,
1271 4437 1457 4523 ἔδει,
1509 4436 1900 4535 προςῆκεν,
1952 4445 2022 4505 et
2063 4437 2226 4526 alia,
2281 4459 2510 4507 carere
2552 4459 2761 4530 posse
