3284 5159
590 476 680 538 22
1277 472 1396 533 ΒΕ
1455 467 1999 534 PARTIchA
2045 467 2139 534 ἄν

799 662 927 738 καί
948 689 1092 735 που
1117 656 1354 756 πάγου
1387 659 1782 752 χυθέντος,
1837 689 1960 735 οια
1999 661 2334 753 χείματι,

1773 760 1791 783 Ο
1848 764 1877 786 Ἀ
1966 770 1985 789 2
2044 768 2062 793 ρ

800 861 1325 966 ἑμηχανώμην·
1375 862 1538 941 εἶτα
1568 865 1716 965 πῦρ
1748 866 1842 939 ἄν
1875 864 1963 942 οὗ
1992 868 2256 967 παρῆν.

593 1042 689 1112 Et
713 1038 1188 1133 Aristophanis
1215 1038 1390 1110 Plut.
1416 1061 1482 1111 v,
1511 1035 1686 1110 982.

802 1206 969 1284 ἀλλ’
999 1207 1349 1332 α’ργυρίου
1377 1204 1704 1305 δραχμοῖς
1734 1235 1829 1283 αν
1856 1205 2068 1308 ᾔτησ’
2092 1211 2358 1284 εἴκοσιν

666 1311 671 1318 ’
806 1317 905 1392 εἰς
940 1308 1275 1403 ἱμάτιον·
1330 1307 1520 1386 ὀκτω
1543 1309 1612 1386 δ’
1638 1313 1739 1386 ἄν
1769 1315 1866 1392 εἰς
1894 1307 2373 1436 υποδῆματα·

802 1444 924 1487 και
960 1421 1118 1495 ταῖς
1151 1412 1493 1509 ‹idel-(puk
1523 1410 1889 1511 ἁγοράσαι
1925 1410 2266 1505 χιτώνιον

805 1519 1165 1591 ἐκέλευσεν
1193 1516 1320 1602 ἄν,
1375 1518 1469 1612 τῇ
1491 1517 1722 1614 μητρί
1754 1513 1848 1590 θ
1877 1517 2285 1610 ἱματίδιον·

803 1619 1050 1719 πυρῶν
1082 1614 1278 1694 τάν
1312 1613 1581 1720 ἐδεήθη
1611 1618 1987 1715 μεδίμνων
2015 1613 2414 1719 τεττάρων.

601 1794 755 1864 Alia
803 1790 991 1883 apud
1041 1788 1227 1859 hunc
1274 1793 1587 1884 exempla
1625 1791 1781 1861 vide
1823 1790 2081 1861 ibidem
2128 1787 2348 1860 1011.
2393 1815 2446 1862 s.
2494 1786 2720 1860 1142.
2766 1814 2819 1859 s,

602 1893 827 1965 1179.
870 1917 1057 1984 seqq.
1108 1894 1289 1965 Nub.
1323 1891 1448 1968 54.
1485 1890 1661 1965 855.
1706 1892 1880 1965 977.
1916 1919 2111 1985 seqq.
2156 1892 2379 1964 1382.
2413 1916 2604 1984 seqq.
2643 1894 2822 1962 Rau.

603 1997 776 2086 914.
822 1995 994 2066 920.
1040 1993 1211 2068 924.
1258 1995 1432 2070 927.
1474 1995 1649 2067 946.
1685 1999 1804 2068 ubi
1855 1999 2058 2067 codd.
2103 1999 2279 2067 Rav.
2321 2006 2392 2066 et
2436 1998 2606 2066 Ven.
2674 1992 2823 2068 εἶπ’

603 2100 696 2176 ἄν
715 2130 744 2194 ‚-
792 2098 966 2168 948.
1012 2096 1184 2169 950.
1229 2099 1454 2169 1022.
1505 2102 1640 2192 Eq.
1680 2097 1898 2170 1354.
1961 2103 2091 2172 Av.
2127 2099 2303 2171 506.
2332 2097 2508 2172 520.
2537 2099 2656 2169 ubi
2696 2098 2824 2165 ali-

457 2239 465 2246 ·
601 2214 706 2274 ter
732 2202 1147 2286 Brunckius3
1190 2201 1413 2272 1288.
1454 2204 1616 2272 Pac.
1635 2203 1810 2273 213.
1841 2202 2014 2274 217.
2043 2201 2216 2275 641.
2255 2201 2427 2275 643.
2456 2203 2622 2294 Lys.
2646 2197 2822 2271 509.

601 2308 722 2378 ubi
749 2330 885 2376 non
926 2304 1140 2374 habet
1173 2306 1601 2390 Brunckius‚
1582 2332 1600 2350 ·
1651 2302 1826 2376 510.
1855 2330 2045 2398 seqq.
2084 2305 2258 2376 517.
2301 2330 2493 2397 seqq.
2542 2304 2822 2379 Lucian.

601 2413 1044 2500 Necyomant.
1077 2408 1146 2481 7.
1175 2409 1264 2478 Τ.
1291 2409 1345 2478 Ι.
1386 2434 1461 2502 p.
1499 2359 1675 2479 465.
1727 2411 1970 2481 Piscat.
2019 2409 2139 2478 11.
2170 2409 2289 2484 12.
2317 2412 2406 2479 Τ.
2444 2410 2603 2502 Lp.
2643 2405 2821 2481 579.

601 2512 1046 2605 Philopseud.
1075 2506 1198 2580 35.
1233 2512 1320 2584 Τ.
1349 2512 1468 2584 ΠΙ.
1509 2535 1582 2606 Ρ.
1612 2510 1735 2588 61.
1767 2537 1957 2604 seqq.
1998 2514 2286 2582 Encom.
2316 2513 2671 2583 Demosth.
2700 2509 2824 2583 39.

604 2618 691 2688 Τ.
730 2616 847 2685 111.
889 2639 960 2708 p.
993 2605 1167 2688 520.
1206 2615 1323 2684 ubi
1366 2639 1568 2685 nemo
1596 2640 1735 2686 non
1759 2618 1985 2689 videat
2015 2616 2627 2710 interpungendum
2653 2640 2825 2705 esse,

609 2713 889 2816 μα’την,
944 2715 1140 2792 εἶπεν
1194 2718 1328 2810 ἄν,
1402 2713 2006 2815 ἐπρεσβεύσαμεν.
2109 2719 2502 2789 Herodotus
2546 2719 2600 2788 Ι.
2648 2717 2823 2795 196.

608 2821 769 2896 ὅσοι
812 2823 888 2895 δὲ
919 2821 1058 2894 τοῦ
1092 2814 1384 2918 δήμου’
1356 2827 1564 2895 έσκον
1595 2821 1987 2950 ἐπίγαμοι,
2042 2820 2255 2896 οὗτοι
2299 2824 2376 2896 δὲ
2426 2825 2651 2903 εἴδεος
2687 2823 2826 2914 μὲν

608 2922 819 2999 οὐδὲν
850 2927 1137 2998 ἐδέοντο
1172 2925 1534 3050 χρηστοῦ,
1588 2931 1671 2998 οὶ
1698 2922 1769 2999 δ’
1802 2953 1894 2997 αν
1936 2919 2280 3046 χρήματά
2313 2953 2397 2998 τε
2434 2925 2557 2998 καὶ
2591 2923 2829 3015 αἰσχί-
2950 2934 2954 2937 ’

607 3053 781 3107 στας
813 3028 1219 3148 παρθένους
1252 3021 1697 3120 ἐλαμβανον·
1751 3056 1841 3108 ως
1870 3055 2010 3125 γαρ
2061 3022 2151 3123 δη
2185 3029 2470 3110 ἐξέλθοι
2513 3055 2554 3101 ο
2603 3022 2828 3148 κη’ρυξ

606 3133 895 3202 πωλέων
925 3155 1055 3206 τας
1084 3125 1589 3211 εὐειδεστατας
1617 3158 1763 3202 των
1809 3132 2229 3258 παρθένων,
2282 3126 2539 3224 α’νίστη
2573 3156 2663 3202 αν
2672 3157 2828 3252 την

608 3224 1181 3355 ἀμορφεστάτην
1232 3232 1277 3328 ἢ
1324 3235 1543 3313 εἴτις
1579 3228 1856 3305 αὐτέων
1892 3234 2208 3330 ἔμπηρος
2234 3228 2349 3318 ἦε·
2402 3231 2522 3304 καὶ
2548 3226 2827 3330 ταύτην

608 3327 1069 3429 α’νεκήρυσσε,
1101 3332 1287 3415 ὅςτις
1318 3336 1519 3407 θέλει
1541 3331 1924 3422 ἐλάχιστον
1942 3336 2240 3429 χρυσίον
2271 3329 2537 3428 λαβών,
2570 3363 2828 3412 συνοι-

607 3440 793 3511 κέειν
847 3432 1070 3530 αὐτῇ·
1128 3441 1194 3515 ἐς
1241 3437 1284 3508 ὃ
1333 3438 1438 3530 τῷ
1472 3464 1559 3509 το
1613 3436 1997 3525 ἐλοίχιστον
2050 3435 2514 3532 υπισταμένω
2565 3465 2828 3535 προςεκ

476 3539 481 3547 ’
606 3543 857 3611 κέετο·
910 3566 998 3610 το
1045 3538 1198 3609 δὲ’
1151 3567 1241 3610 αν
1269 3538 1561 3631 χρυσίον
1589 3541 1872 3631 ἐγένετο
1917 3533 2067 3611 dno*
2104 3568 2250 3611 των
2282 3537 2614 3612 ευειὸέων
2647 3565 2830 3634 παρ·

608 3645 863 3715 θένων.
984 3641 1221 3710 Solum
1267 3642 1380 3708 hic
1429 3642 1734 3711 ultimum
1778 3641 1871 3713 ἄν
1916 3652 2143 3733 potest
2182 3643 2381 3710 alicui
2433 3642 2828 3715 dubitationi

608 3745 971 3818 obnoxium
999 3769 1179 3832 esse,
1232 3767 1439 3834 quum
1463 3746 1684 3835 primo
1712 3744 2041 3835 adspectu
2078 3745 2285 3816 nihil
2268 3768 2336 3816 m
2360 3745 2475 3811 illa
2502 3745 2829 3818 sententia

602 3848 859 3916 fortuiti
889 3848 1055 3921 insit.
1156 3848 1263 3919 Ac
1294 3848 1538 3919 vellem
1585 3848 1757 3920 liber
1790 3848 2028 3936 aliquis
2062 3844 2159 3918 αὖ
2200 3848 2578 3938 praeberet.
2678 3849 2827 3917 De-

607 3951 793 4023 fendi
843 3961 1067 4019 tamen
1109 3959 1337 4042 potest
1380 3948 1489 4023 οἵν.
1590 3952 1772 4018 Nam
1817 3974 2023 4040 quum
2048 3950 2217 4046 illud
2250 3951 2691 4020 certissimum
2723 3952 2827 4040 sit,

608 4078 845 4127 aurum
891 4077 974 4122 ex
1017 4054 1239 4148 pretio
1287 4075 1417 4148 pro
1472 4055 1957 4145 venustioribus
2014 4064 2298 4146 accepto
2368 4053 2604 4124 datum
2655 4079 2827 4143 esse,

607 4167 913 4252 apertum
949 4166 1085 4243 est,
1141 4157 1232 4228 ἄν
1266 4179 1402 4227 non
1447 4156 1537 4223 ad
1574 4157 1860 4227 verbum
1906 4157 2232 4248 ἐγένετο,
2286 4149 2409 4225 sed
2456 4158 2545 4226 ad
2582 4182 2829 4228 nomen

606 4261 903 4354 χρυσίον
943 4282 1092 4327 esse
1134 4259 1598 4344 referendum,
1650 4260 1857 4349 idque
1907 4260 2109 4330 etiam
2152 4261 2574 4330 collocationi
2613 4263 2827 4353 parti-

607 4363 798 4435 culae
825 4362 1168 4434 convenitz
1225 4372 1573 4455 quantum
1601 4361 1908 4456 idsorte
1935 4363 2104 4431 auri
2137 4371 2328 4451 erat,
2383 4386 2423 4431 e
2462 4363 2826 4434 venustio-

609 4489 771 4539 rum
792 4465 1040 4564 pretio
1080 4473 1249 4540 erat
1282 4465 1709 4566 consectum.
1814 4469 2084 4565 Nempe
2128 4467 2439 4565 accipere
2483 4468 2828 4541 illum'ali-
