<?xml version="1.0" encoding="UTF-8"?>
<!DOCTYPE html PUBLIC "-//W3C//DTD XHTML 1.0 Transitional//EN"
    "http://www.w3.org/TR/xhtml1/DTD/xhtml1-transitional.dtd">
<html xmlns="http://www.w3.org/1999/xhtml" xml:lang="en" lang="en">
 <head>
  <title>
</title>
<meta http-equiv="Content-Type" content="text/html;charset=utf-8" />
  <meta name='ocr-system' content='tesseract 3.04.00' />
  <meta name='ocr-capabilities' content='ocr_page ocr_carea ocr_par ocr_line ocrx_word'/>
</head>
<body>
  <div class='ocr_page' id='page_1' title='image "./departicuvlaanl00hermgoog_0155.png"; bbox 0 0 3284 5159; ppageno 0'>
   <div class='ocr_carea' id='block_1_1' title="bbox 1124 435 2649 505">
    <p class='ocr_par' dir='ltr' id='par_1_1' title="bbox 1124 435 2649 505">
     <span class='ocr_line' id='line_1_1' title="bbox 1124 435 2649 505; baseline 0.005 -9"><span class='ocrx_word' id='word_1_1' title='bbox 1124 435 1294 501; x_wconf 85' lang='lat' dir='ltr'><strong>LIB.</strong></span> <span class='ocrx_word' id='word_1_2' title='bbox 1340 438 1447 500; x_wconf 88' lang='lat'>111.</span> <span class='ocrx_word' id='word_1_3' title='bbox 1520 435 1720 501; x_wconf 78' lang='lat' dir='ltr'><strong>cAP.</strong></span> <span class='ocrx_word' id='word_1_4' title='bbox 1762 442 1825 505; x_wconf 78' lang='lat'><strong>2.</strong></span> <span class='ocrx_word' id='word_1_5' title='bbox 1868 440 1933 504; x_wconf 74' lang='lat'><strong>3.</strong></span> <span class='ocrx_word' id='word_1_6' title='bbox 2518 440 2649 504; x_wconf 71' lang='lat'><strong>148</strong></span> 
     </span>
    </p>
   </div>
   <div class='ocr_carea' id='block_1_2' title="bbox 422 620 2772 725">
    <p class='ocr_par' dir='ltr' id='par_1_2' title="bbox 422 620 2772 725">
     <span class='ocr_line' id='line_1_2' title="bbox 422 620 2772 725; baseline 0.004 -29"><span class='ocrx_word' id='word_1_7' title='bbox 422 629 505 697; x_wconf 69' lang='lat'><strong>111</strong></span> <span class='ocrx_word' id='word_1_8' title='bbox 548 628 636 697; x_wconf 87' lang='lat' dir='ltr'><strong>de</strong></span> <span class='ocrx_word' id='word_1_9' title='bbox 686 625 882 696; x_wconf 82' lang='lat' dir='ltr'><strong>certis</strong></span> <span class='ocrx_word' id='word_1_10' title='bbox 923 625 1118 697; x_wconf 82' lang='lat' dir='ltr'><strong>factis</strong></span> <span class='ocrx_word' id='word_1_11' title='bbox 1168 628 1505 699; x_wconf 79' lang='lat' dir='ltr'>diceretur</span> <span class='ocrx_word' id='word_1_12' title='bbox 1535 620 1800 722; x_wconf 67' lang='lat' dir='ltr'><strong>circuiret</strong></span> <span class='ocrx_word' id='word_1_13' title='bbox 1856 638 1926 698; x_wconf 90' lang='lat' dir='ltr'><strong>et</strong></span> <span class='ocrx_word' id='word_1_14' title='bbox 1969 620 2450 725; x_wconf 74' lang='grc' dir='ltr'><strong><em>ἐφοπλῖζομεν</em></strong></span> <span class='ocrx_word' id='word_1_15' title='bbox 2463 683 2491 717; x_wconf 84' lang='grc'>,</span> <span class='ocrx_word' id='word_1_16' title='bbox 2553 631 2644 701; x_wconf 90' lang='lat' dir='ltr'><strong>de</strong></span> <span class='ocrx_word' id='word_1_17' title='bbox 2762 696 2772 705; x_wconf 90' lang='lat'>.</span> 
     </span>
    </p>
   </div>
   <div class='ocr_carea' id='block_1_3' title="bbox 415 726 2644 1116">
    <p class='ocr_par' dir='ltr' id='par_1_3' title="bbox 420 726 2644 825">
     <span class='ocr_line' id='line_1_3' title="bbox 420 726 2644 825; baseline 0.001 -25"><span class='ocrx_word' id='word_1_18' title='bbox 420 754 854 823; x_wconf 88' lang='lat' dir='ltr'><strong>quocumque</strong></span> <span class='ocrx_word' id='word_1_19' title='bbox 895 731 1080 800; x_wconf 86' lang='lat' dir='ltr'><strong>facto</strong></span> <span class='ocrx_word' id='word_1_20' title='bbox 1123 741 1350 800; x_wconf 87' lang='lat' dir='ltr'><strong>autem</strong></span> <span class='ocrx_word' id='word_1_21' title='bbox 1364 782 1385 817; x_wconf 90' lang='lat'>,</span> <span class='ocrx_word' id='word_1_22' title='bbox 1439 732 1628 824; x_wconf 87' lang='lat' dir='ltr'><strong>quod</strong></span> <span class='ocrx_word' id='word_1_23' title='bbox 1660 726 1985 802; x_wconf 55' lang='lat' dir='ltr'><strong>mente‘et</strong></span> <span class='ocrx_word' id='word_1_24' title='bbox 2029 732 2437 825; x_wconf 76' lang='lat' dir='ltr'><strong>cogitatione</strong></span> <span class='ocrx_word' id='word_1_25' title='bbox 2474 756 2644 805; x_wconf 90' lang='lat' dir='ltr'><strong>con-</strong></span> 
     </span>
    </p>

    <p class='ocr_par' dir='ltr' id='par_1_4' title="bbox 421 826 2643 930">
     <span class='ocr_line' id='line_1_4' title="bbox 421 826 2643 930; baseline 0.002 -27"><span class='ocrx_word' id='word_1_26' title='bbox 421 836 629 928; x_wconf 87' lang='lat' dir='ltr'><strong>cipias</strong></span> <span class='ocrx_word' id='word_1_27' title='bbox 645 886 665 922; x_wconf 89' lang='lat'>,</span> <span class='ocrx_word' id='word_1_28' title='bbox 737 858 869 926; x_wconf 88' lang='lat' dir='ltr'><strong>per</strong></span> <span class='ocrx_word' id='word_1_29' title='bbox 922 835 1295 926; x_wconf 82' lang='lat' dir='ltr'><strong>optativum</strong></span> <span class='ocrx_word' id='word_1_30' title='bbox 1339 826 1703 930; x_wconf 85' lang='lat' dir='ltr'><strong>profertur.</strong></span> <span class='ocrx_word' id='word_1_31' title='bbox 1808 835 2021 921; x_wconf 80' lang='lat' dir='ltr'><strong>Quod</strong></span> <span class='ocrx_word' id='word_1_32' title='bbox 2074 837 2129 904; x_wconf 84' lang='lat' dir='ltr'><strong>si</strong></span> <span class='ocrx_word' id='word_1_33' title='bbox 2188 837 2643 907; x_wconf 83' lang='lat' dir='ltr'><strong>coniunctivos</strong></span> 
     </span>
    </p>

    <p class='ocr_par' dir='ltr' id='par_1_5' title="bbox 415 937 2643 1116">
     <span class='ocr_line' id='line_1_5' title="bbox 415 937 2643 1112; baseline 0.002 -104"><span class='ocrx_word' id='word_1_34' title='bbox 415 939 721 1112; x_wconf 70' lang='lat' dir='ltr'><strong>puosueris</strong></span> <span class='ocrx_word' id='word_1_35' title='bbox 736 989 756 1025; x_wconf 89' lang='lat'>,</span> <span class='ocrx_word' id='word_1_36' title='bbox 810 937 1078 1110; x_wconf 55' lang='lat' dir='ltr'><strong>adzsgga</strong></span> <span class='ocrx_word' id='word_1_37' title='bbox 1118 961 1234 1025; x_wconf 89' lang='lat' dir='ltr'><strong>ea,</strong></span> <span class='ocrx_word' id='word_1_38' title='bbox 1258 998 1263 1003; x_wconf 85' lang='grc'><em>.</em></span> <span class='ocrx_word' id='word_1_39' title='bbox 1287 963 1464 1031; x_wconf 87' lang='lat' dir='ltr'><strong>quae</strong></span> <span class='ocrx_word' id='word_1_40' title='bbox 1493 940 1785 1033; x_wconf 84' lang='lat' dir='ltr'><strong>posthac</strong></span> <span class='ocrx_word' id='word_1_41' title='bbox 1818 949 2141 1009; x_wconf 82' lang='lat' dir='ltr'><strong>eventura</strong></span> <span class='ocrx_word' id='word_1_42' title='bbox 2165 939 2332 1028; x_wconf 84' lang='lat' dir='ltr'><strong>sint,</strong></span> <span class='ocrx_word' id='word_1_43' title='bbox 2381 940 2643 1012; x_wconf 84' lang='lat' dir='ltr'><strong>refere-</strong></span> 
     </span>
     <span class='ocr_line' id='line_1_6' title="bbox 491 1042 1846 1116; baseline 0.009 -5"><span class='ocrx_word' id='word_1_44' title='bbox 491 1067 544 1112; x_wconf 89' lang='lat' dir='ltr'><strong>r.</strong></span> <span class='ocrx_word' id='word_1_45' title='bbox 599 1042 738 1115; x_wconf 86' lang='lat' dir='ltr'><strong>od.</strong></span> <span class='ocrx_word' id='word_1_46' title='bbox 773 1070 848 1115; x_wconf 86' lang='grc' dir='ltr'><strong>ω.</strong></span> <span class='ocrx_word' id='word_1_47' title='bbox 1042 1097 1060 1116; x_wconf 92' lang='grc'><strong>.</strong></span> <span class='ocrx_word' id='word_1_48' title='bbox 1837 1073 1846 1083; x_wconf 89' lang='grc'><em>·</em></span> 
     </span>
    </p>
   </div>
   <div class='ocr_carea' id='block_1_4' title="bbox 624 1188 2326 1292">
    <p class='ocr_par' dir='ltr' id='par_1_6' title="bbox 624 1188 2326 1292">
     <span class='ocr_line' id='line_1_7' title="bbox 624 1188 2326 1292; baseline -0.002 -22"><span class='ocrx_word' id='word_1_49' title='bbox 624 1189 937 1290; x_wconf 79' lang='grc' dir='ltr'><strong><em>τοιούτῳ</em></strong></span> <span class='ocrx_word' id='word_1_50' title='bbox 970 1195 1047 1269; x_wconf 81' lang='grc' dir='ltr'><strong><em>δέ</em></strong></span> <span class='ocrx_word' id='word_1_51' title='bbox 1074 1195 1356 1277; x_wconf 65' lang='grc' dir='ltr'><strong><em>ἔοικας,</em></strong></span> <span class='ocrx_word' id='word_1_52' title='bbox 1407 1192 1561 1270; x_wconf 81' lang='grc' dir='ltr'><strong><em>ἐπεὶ</em></strong></span> <span class='ocrx_word' id='word_1_53' title='bbox 1587 1188 1935 1270; x_wconf 73' lang='grc' dir='ltr'><strong><em>λούσαιτο</em></strong></span> <span class='ocrx_word' id='word_1_54' title='bbox 1966 1188 2194 1292; x_wconf 69' lang='grc' dir='ltr'><strong><em>φάγοι</em></strong></span> <span class='ocrx_word' id='word_1_55' title='bbox 2223 1222 2326 1269; x_wconf 80' lang='grc' dir='ltr'><strong>τε.</strong></span> 
     </span>
    </p>
   </div>
   <div class='ocr_carea' id='block_1_5' title="bbox 414 1342 2643 1552">
    <p class='ocr_par' dir='ltr' id='par_1_7' title="bbox 414 1342 2643 1552">
     <span class='ocr_line' id='line_1_8' title="bbox 414 1342 2643 1434; baseline 0.001 -16"><span class='ocrx_word' id='word_1_56' title='bbox 414 1350 503 1418; x_wconf 90' lang='lat' dir='ltr'><strong>ld</strong></span> <span class='ocrx_word' id='word_1_57' title='bbox 529 1349 619 1418; x_wconf 91' lang='lat' dir='ltr'><strong>de</strong></span> <span class='ocrx_word' id='word_1_58' title='bbox 663 1358 851 1419; x_wconf 87' lang='lat' dir='ltr'><strong>certo</strong></span> <span class='ocrx_word' id='word_1_59' title='bbox 877 1350 1060 1418; x_wconf 86' lang='lat' dir='ltr'><strong>facto</strong></span> <span class='ocrx_word' id='word_1_60' title='bbox 1091 1350 1384 1434; x_wconf 86' lang='lat' dir='ltr'><strong>dictum,</strong></span> <span class='ocrx_word' id='word_1_61' title='bbox 1437 1372 1583 1420; x_wconf 88' lang='lat' dir='ltr'><strong>esse</strong></span> <span class='ocrx_word' id='word_1_62' title='bbox 1624 1349 1925 1421; x_wconf 81' lang='lat' dir='ltr'><strong>debebat</strong></span> <span class='ocrx_word' id='word_1_63' title='bbox 1962 1347 2119 1424; x_wconf 79' lang='grc' dir='ltr'><strong><em>ἐπεί</em></strong></span> <span class='ocrx_word' id='word_1_64' title='bbox 2145 1342 2496 1423; x_wconf 76' lang='grc' dir='ltr'><strong><em>ἐλούσατο</em></strong></span> <span class='ocrx_word' id='word_1_65' title='bbox 2523 1349 2643 1423; x_wconf 71' lang='grc' dir='ltr'><strong>καὶ</strong></span> 
     </span>
     <span class='ocr_line' id='line_1_9' title="bbox 416 1447 2641 1552; baseline -0.003 -25"><span class='ocrx_word' id='word_1_66' title='bbox 416 1455 732 1549; x_wconf 71' lang='grc' dir='ltr'><strong><em>ἕφαγενς</em></strong></span> <span class='ocrx_word' id='word_1_67' title='bbox 784 1453 873 1522; x_wconf 86' lang='lat' dir='ltr'><strong>de</strong></span> <span class='ocrx_word' id='word_1_68' title='bbox 908 1453 1137 1524; x_wconf 84' lang='lat' dir='ltr'><strong>futuro</strong></span> <span class='ocrx_word' id='word_1_69' title='bbox 1166 1462 1394 1522; x_wconf 90' lang='lat' dir='ltr'><strong>autem</strong></span> <span class='ocrx_word' id='word_1_70' title='bbox 1423 1452 1574 1527; x_wconf 89' lang='grc' dir='ltr'><strong><em>ἐπει</em></strong></span> <span class='ocrx_word' id='word_1_71' title='bbox 1602 1447 1951 1552; x_wconf 75' lang='grc' dir='ltr'><strong><em>λούσηται</em></strong></span> <span class='ocrx_word' id='word_1_72' title='bbox 1985 1447 2179 1551; x_wconf 77' lang='grc' dir='ltr'><strong>φάγῃ</strong></span> <span class='ocrx_word' id='word_1_73' title='bbox 2197 1481 2301 1527; x_wconf 89' lang='grc' dir='ltr'><strong>τε.</strong></span> <span class='ocrx_word' id='word_1_74' title='bbox 2354 1454 2437 1522; x_wconf 92' lang='lat' dir='ltr'><strong>V.</strong></span> <span class='ocrx_word' id='word_1_75' title='bbox 2467 1453 2641 1523; x_wconf 78' lang='lat'><strong>342.</strong></span> 
     </span>
    </p>
   </div>
   <div class='ocr_carea' id='block_1_6' title="bbox 622 1602 2571 1806">
    <p class='ocr_par' dir='ltr' id='par_1_8' title="bbox 622 1602 2571 1806">
     <span class='ocr_line' id='line_1_10' title="bbox 1040 1602 2571 1702; baseline 0.001 -22"><span class='ocrx_word' id='word_1_76' title='bbox 1040 1608 1228 1681; x_wconf 82' lang='grc' dir='ltr'><strong><em>ἔνθα</em></strong></span> <span class='ocrx_word' id='word_1_77' title='bbox 1269 1602 1339 1680; x_wconf 82' lang='grc' dir='ltr'><strong>δ’</strong></span> <span class='ocrx_word' id='word_1_78' title='bbox 1375 1634 1517 1679; x_wconf 89' lang='grc' dir='ltr'><strong>ανα</strong></span> <span class='ocrx_word' id='word_1_79' title='bbox 1555 1605 1921 1702; x_wconf 85' lang='grc' dir='ltr'><strong><em>σταφυλαι</em></strong></span> <span class='ocrx_word' id='word_1_80' title='bbox 1955 1612 2305 1680; x_wconf 77' lang='grc' dir='ltr'><strong><em>παντοῖαι</em></strong></span> <span class='ocrx_word' id='word_1_81' title='bbox 2337 1607 2571 1697; x_wconf 81' lang='grc' dir='ltr'><strong><em>ἔασιν,</em></strong></span> 
     </span>
     <span class='ocr_line' id='line_1_11' title="bbox 622 1701 2311 1806; baseline 0.001 -24"><span class='ocrx_word' id='word_1_82' title='bbox 622 1704 904 1782; x_wconf 79' lang='grc' dir='ltr'><strong><em>ὁππότε</em></strong></span> <span class='ocrx_word' id='word_1_83' title='bbox 942 1701 1031 1806; x_wconf 81' lang='grc' dir='ltr'><strong>δη</strong></span> <span class='ocrx_word' id='word_1_84' title='bbox 1058 1704 1244 1790; x_wconf 85' lang='grc' dir='ltr'><strong><em>Διος</em></strong></span> <span class='ocrx_word' id='word_1_85' title='bbox 1273 1706 1460 1806; x_wconf 75' lang='grc' dir='ltr'><strong><em>ὧραι</em></strong></span> <span class='ocrx_word' id='word_1_86' title='bbox 1486 1710 1937 1806; x_wconf 75' lang='grc' dir='ltr'><strong><em>ἐπιβρίσειαν</em></strong></span> <span class='ocrx_word' id='word_1_87' title='bbox 1970 1707 2311 1805; x_wconf 79' lang='grc' dir='ltr'><strong><em>ὕπερθεν.</em></strong></span> 
     </span>
    </p>
   </div>
   <div class='ocr_carea' id='block_1_7' title="bbox 406 1861 2650 2785">
    <p class='ocr_par' dir='ltr' id='par_1_9' title="bbox 408 1861 2650 2471">
     <span class='ocr_line' id='line_1_12' title="bbox 413 1861 2638 1960; baseline 0.002 -28"><span class='ocrx_word' id='word_1_88' title='bbox 413 1862 492 1932; x_wconf 89' lang='lat' dir='ltr'><strong>Si</strong></span> <span class='ocrx_word' id='word_1_89' title='bbox 534 1862 608 1930; x_wconf 89' lang='lat' dir='ltr'><strong>id</strong></span> <span class='ocrx_word' id='word_1_90' title='bbox 637 1862 826 1954; x_wconf 87' lang='lat' dir='ltr'><strong>quod</strong></span> <span class='ocrx_word' id='word_1_91' title='bbox 868 1886 1029 1932; x_wconf 84' lang='lat' dir='ltr'><strong>vere</strong></span> <span class='ocrx_word' id='word_1_92' title='bbox 1069 1863 1267 1932; x_wconf 89' lang='lat' dir='ltr'><strong>fieret</strong></span> <span class='ocrx_word' id='word_1_93' title='bbox 1297 1863 1596 1932; x_wconf 88' lang='lat' dir='ltr'><strong>indicare</strong></span> <span class='ocrx_word' id='word_1_94' title='bbox 1637 1863 1985 1949; x_wconf 78' lang='lat' dir='ltr'><strong>voluisset,</strong></span> <span class='ocrx_word' id='word_1_95' title='bbox 2041 1863 2313 1932; x_wconf 85' lang='lat' dir='ltr'><strong>dixisset</strong></span> <span class='ocrx_word' id='word_1_96' title='bbox 2362 1861 2638 1960; x_wconf 81' lang='grc' dir='ltr'><strong><em>ἐπιβρί-</em></strong></span> 
     </span>
     <span class='ocr_line' id='line_1_13' title="bbox 413 1965 2638 2063; baseline -0.001 -24"><span class='ocrx_word' id='word_1_97' title='bbox 413 1976 725 2058; x_wconf 86' lang='grc' dir='ltr'><strong><em>θουσιν,·</em></strong></span> <span class='ocrx_word' id='word_1_98' title='bbox 804 1965 861 2034; x_wconf 85' lang='lat' dir='ltr'><strong>si</strong></span> <span class='ocrx_word' id='word_1_99' title='bbox 925 1966 1184 2057; x_wconf 85' lang='lat' dir='ltr'><strong>futura,</strong></span> <span class='ocrx_word' id='word_1_100' title='bbox 1263 1966 1752 2063; x_wconf 74' lang='grc' dir='ltr'><strong><em>ἐπιβρίσωσιν.</em></strong></span> <span class='ocrx_word' id='word_1_101' title='bbox 1855 1968 2057 2035; x_wconf 90' lang='lat' dir='ltr'><strong>Nunc</strong></span> <span class='ocrx_word' id='word_1_102' title='bbox 2113 1990 2277 2035; x_wconf 82' lang='lat' dir='ltr'><strong>vero</strong></span> <span class='ocrx_word' id='word_1_103' title='bbox 2332 1969 2638 2058; x_wconf 81' lang='lat' dir='ltr'><strong>optativo</strong></span> 
     </span>
     <span class='ocr_line' id='line_1_14' title="bbox 410 2070 2637 2163; baseline 0 -25"><span class='ocrx_word' id='word_1_104' title='bbox 410 2092 569 2138; x_wconf 86' lang='lat' dir='ltr'><strong>usus</strong></span> <span class='ocrx_word' id='word_1_105' title='bbox 600 2070 847 2157; x_wconf 85' lang='lat' dir='ltr'><strong>aoristi,</strong></span> <span class='ocrx_word' id='word_1_106' title='bbox 898 2072 1262 2160; x_wconf 87' lang='lat' dir='ltr'><strong>praeterita</strong></span> <span class='ocrx_word' id='word_1_107' title='bbox 1300 2071 1593 2163; x_wconf 79' lang='lat' dir='ltr'><strong>respicit,</strong></span> <span class='ocrx_word' id='word_1_108' title='bbox 1645 2093 1784 2138; x_wconf 92' lang='lat' dir='ltr'><strong>non</strong></span> <span class='ocrx_word' id='word_1_109' title='bbox 1816 2093 1896 2139; x_wconf 90' lang='lat' dir='ltr'><strong>ea</strong></span> <span class='ocrx_word' id='word_1_110' title='bbox 1926 2080 2153 2138; x_wconf 88' lang='lat' dir='ltr'><strong>tamen</strong></span> <span class='ocrx_word' id='word_1_111' title='bbox 2190 2079 2395 2156; x_wconf 88' lang='lat' dir='ltr'><strong>certa,</strong></span> <span class='ocrx_word' id='word_1_112' title='bbox 2449 2071 2637 2160; x_wconf 88' lang='lat' dir='ltr'><strong>quod</strong></span> 
     </span>
     <span class='ocr_line' id='line_1_15' title="bbox 412 2175 2650 2268; baseline 0.002 -28"><span class='ocrx_word' id='word_1_113' title='bbox 412 2181 589 2241; x_wconf 85' lang='lat' dir='ltr'><strong>esset</strong></span> <span class='ocrx_word' id='word_1_114' title='bbox 655 2175 1088 2268; x_wconf 80' lang='grc' dir='ltr'><strong><em>ἐπέβρισαν,</em></strong></span> <span class='ocrx_word' id='word_1_115' title='bbox 1160 2175 1284 2243; x_wconf 88' lang='lat' dir='ltr'><strong>sed</strong></span> <span class='ocrx_word' id='word_1_116' title='bbox 1326 2197 1795 2266; x_wconf 87' lang='lat' dir='ltr'><strong>quaecumque</strong></span> <span class='ocrx_word' id='word_1_117' title='bbox 1857 2175 1978 2242; x_wconf 91' lang='lat' dir='ltr'><strong>tibi</strong></span> <span class='ocrx_word' id='word_1_118' title='bbox 2033 2175 2337 2266; x_wconf 88' lang='lat' dir='ltr'><strong>cogitare</strong></span> <span class='ocrx_word' id='word_1_119' title='bbox 2397 2175 2650 2259; x_wconf 38' lang='lat' dir='ltr'><strong>libeatz,</strong></span> 
     </span>
     <span class='ocr_line' id='line_1_16' title="bbox 408 2276 2637 2373; baseline 0.001 -30"><span class='ocrx_word' id='word_1_120' title='bbox 408 2276 594 2344; x_wconf 89' lang='lat' dir='ltr'><strong>unde</strong></span> <span class='ocrx_word' id='word_1_121' title='bbox 650 2277 982 2345; x_wconf 89' lang='lat' dir='ltr'><strong>coniicere</strong></span> <span class='ocrx_word' id='word_1_122' title='bbox 1035 2287 1271 2368; x_wconf 83' lang='lat' dir='ltr'><strong>potes,</strong></span> <span class='ocrx_word' id='word_1_123' title='bbox 1338 2279 1527 2369; x_wconf 84' lang='lat' dir='ltr'><strong>qu&#39;od</strong></span> <span class='ocrx_word' id='word_1_124' title='bbox 1583 2277 1869 2347; x_wconf 87' lang='lat' dir='ltr'><strong>antehac</strong></span> <span class='ocrx_word' id='word_1_125' title='bbox 1917 2278 2175 2345; x_wconf 84' lang='lat' dir='ltr'><strong>factum</strong></span> <span class='ocrx_word' id='word_1_126' title='bbox 2232 2286 2362 2373; x_wconf 78' lang='lat' dir='ltr'><strong>est,</strong></span> <span class='ocrx_word' id='word_1_127' title='bbox 2434 2279 2637 2347; x_wconf 89' lang='lat' dir='ltr'><strong>etiam</strong></span> 
     </span>
     <span class='ocr_line' id='line_1_17' title="bbox 409 2381 1729 2471; baseline 0.004 -24"><span class='ocrx_word' id='word_1_128' title='bbox 409 2403 592 2448; x_wconf 92' lang='lat' dir='ltr'><strong>nunc</strong></span> <span class='ocrx_word' id='word_1_129' title='bbox 626 2381 776 2448; x_wconf 86' lang='lat' dir='ltr'><strong>fieri</strong></span> <span class='ocrx_word' id='word_1_130' title='bbox 818 2390 886 2448; x_wconf 92' lang='lat' dir='ltr'><strong>et</strong></span> <span class='ocrx_word' id='word_1_131' title='bbox 909 2381 1200 2471; x_wconf 85' lang='lat' dir='ltr'><strong>posthac</strong></span> <span class='ocrx_word' id='word_1_132' title='bbox 1230 2382 1529 2450; x_wconf 85' lang='lat' dir='ltr'><strong>futurum</strong></span> <span class='ocrx_word' id='word_1_133' title='bbox 1557 2404 1729 2454; x_wconf 87' lang='lat' dir='ltr'><strong>esse.</strong></span> 
     </span>
    </p>

    <p class='ocr_par' dir='ltr' id='par_1_10' title="bbox 406 2480 2638 2785">
     <span class='ocr_line' id='line_1_18' title="bbox 618 2480 2635 2578; baseline 0.003 -27"><span class='ocrx_word' id='word_1_134' title='bbox 618 2482 979 2553; x_wconf 81' lang='lat' dir='ltr'><strong>Caeterum</strong></span> <span class='ocrx_word' id='word_1_135' title='bbox 1013 2493 1088 2553; x_wconf 86' lang='lat' dir='ltr'><strong>ut</strong></span> <span class='ocrx_word' id='word_1_136' title='bbox 1128 2507 1337 2576; x_wconf 80' lang='lat' dir='ltr'><strong>saepe</strong></span> <span class='ocrx_word' id='word_1_137' title='bbox 1380 2485 1556 2578; x_wconf 88' lang='lat' dir='ltr'><strong>epici</strong></span> <span class='ocrx_word' id='word_1_138' title='bbox 1585 2493 1847 2553; x_wconf 85' lang='lat' dir='ltr'><strong>veteres</strong></span> <span class='ocrx_word' id='word_1_139' title='bbox 1886 2481 2233 2578; x_wconf 81' lang='lat' dir='ltr'><strong>particulis</strong></span> <span class='ocrx_word' id='word_1_140' title='bbox 2270 2480 2362 2556; x_wconf 75' lang='grc' dir='ltr'><strong>ἂν</strong></span> <span class='ocrx_word' id='word_1_141' title='bbox 2405 2492 2475 2552; x_wconf 87' lang='lat' dir='ltr'><strong>et</strong></span> <span class='ocrx_word' id='word_1_142' title='bbox 2513 2483 2635 2557; x_wconf 77' lang='grc' dir='ltr'><strong>κέν</strong></span> 
     </span>
     <span class='ocr_line' id='line_1_19' title="bbox 407 2587 2638 2682; baseline 0.002 -30"><span class='ocrx_word' id='word_1_143' title='bbox 407 2593 702 2670; x_wconf 78' lang='lat' dir='ltr'><strong>utuntur,</strong></span> <span class='ocrx_word' id='word_1_144' title='bbox 755 2587 871 2654; x_wconf 87' lang='lat' dir='ltr'><strong>ubi</strong></span> <span class='ocrx_word' id='word_1_145' title='bbox 899 2589 1232 2657; x_wconf 85' lang='lat' dir='ltr'><strong>recentior</strong></span> <span class='ocrx_word' id='word_1_146' title='bbox 1267 2602 1424 2656; x_wconf 84' lang='lat' dir='ltr'><strong>usus</strong></span> <span class='ocrx_word' id='word_1_147' title='bbox 1455 2589 1533 2656; x_wconf 88' lang='lat' dir='ltr'><strong>iis</strong></span> <span class='ocrx_word' id='word_1_148' title='bbox 1563 2588 1908 2680; x_wconf 83' lang='lat' dir='ltr'><strong>particulis</strong></span> <span class='ocrx_word' id='word_1_149' title='bbox 1944 2587 2249 2682; x_wconf 83' lang='lat' dir='ltr'><strong>abstinet,</strong></span> <span class='ocrx_word' id='word_1_150' title='bbox 2309 2588 2403 2654; x_wconf 89' lang='lat' dir='ltr'><strong>ita</strong></span> <span class='ocrx_word' id='word_1_151' title='bbox 2431 2588 2638 2656; x_wconf 87' lang='lat' dir='ltr'><strong>etiam</strong></span> 
     </span>
     <span class='ocr_line' id='line_1_20' title="bbox 406 2688 2634 2785; baseline 0.002 -30"><span class='ocrx_word' id='word_1_152' title='bbox 406 2688 543 2757; x_wconf 90' lang='lat' dir='ltr'><strong>hoc</strong></span> <span class='ocrx_word' id='word_1_153' title='bbox 589 2690 658 2757; x_wconf 92' lang='lat' dir='ltr'><strong>in</strong></span> <span class='ocrx_word' id='word_1_154' title='bbox 700 2713 952 2783; x_wconf 88' lang='lat' dir='ltr'><strong>genere</strong></span> <span class='ocrx_word' id='word_1_155' title='bbox 994 2714 1107 2759; x_wconf 85' lang='lat' dir='ltr'><strong>eas</strong></span> <span class='ocrx_word' id='word_1_156' title='bbox 1148 2692 1487 2761; x_wconf 86' lang='lat' dir='ltr'><strong>interdum</strong></span> <span class='ocrx_word' id='word_1_157' title='bbox 1528 2701 1804 2785; x_wconf 86' lang='lat' dir='ltr'><strong>praeter</strong></span> <span class='ocrx_word' id='word_1_158' title='bbox 1848 2692 2317 2761; x_wconf 85' lang='lat' dir='ltr'><strong>necessitatem</strong></span> <span class='ocrx_word' id='word_1_159' title='bbox 2352 2690 2634 2779; x_wconf 78' lang='lat' dir='ltr'><strong>addunt,</strong></span> 
     </span>
    </p>
   </div>
   <div class='ocr_carea' id='block_1_8' title="bbox 400 2792 984 2866">
    <p class='ocr_par' dir='ltr' id='par_1_11' title="bbox 400 2792 984 2866">
     <span class='ocr_line' id='line_1_21' title="bbox 400 2792 984 2866; baseline 0.002 -6"><span class='ocrx_word' id='word_1_160' title='bbox 400 2801 483 2861; x_wconf 81' lang='lat' dir='ltr'><strong>ut</strong></span> <span class='ocrx_word' id='word_1_161' title='bbox 508 2793 701 2864; x_wconf 80' lang='lat' dir='ltr'><strong>Iliad.</strong></span> <span class='ocrx_word' id='word_1_162' title='bbox 732 2822 781 2866; x_wconf 88' lang='grc' dir='ltr'><strong>ι.</strong></span> <span class='ocrx_word' id='word_1_163' title='bbox 810 2792 984 2866; x_wconf 78' lang='lat'>524.</span> 
     </span>
    </p>
   </div>
   <div class='ocr_carea' id='block_1_9' title="bbox 471 2938 2528 3147">
    <p class='ocr_par' dir='ltr' id='par_1_12' title="bbox 471 2938 2528 3147">
     <span class='ocr_line' id='line_1_22' title="bbox 471 2938 2528 3078; baseline 0 -58"><span class='ocrx_word' id='word_1_164' title='bbox 471 3004 486 3020; x_wconf 86' lang='lat'><strong><em>.</em></strong></span> <span class='ocrx_word' id='word_1_165' title='bbox 619 2942 809 3019; x_wconf 85' lang='grc' dir='ltr'><strong><em>οὕτω</em></strong></span> <span class='ocrx_word' id='word_1_166' title='bbox 843 2975 963 3019; x_wconf 78' lang='grc' dir='ltr'><strong>και</strong></span> <span class='ocrx_word' id='word_1_167' title='bbox 992 2973 1139 3019; x_wconf 87' lang='grc' dir='ltr'><strong>των</strong></span> <span class='ocrx_word' id='word_1_168' title='bbox 1169 2938 1499 3078; x_wconf 76' lang='grc' dir='ltr'><strong><em>πρόσθεν</em></strong></span> <span class='ocrx_word' id='word_1_169' title='bbox 1528 2939 2012 3039; x_wconf 77' lang='grc' dir='ltr'><strong><em>ἐπευθόμεθα</em></strong></span> <span class='ocrx_word' id='word_1_170' title='bbox 2040 2945 2208 3021; x_wconf 71' lang='grc' dir='ltr'><strong><em>κλέα</em></strong></span> <span class='ocrx_word' id='word_1_171' title='bbox 2239 2941 2528 3044; x_wconf 76' lang='grc' dir='ltr'><strong><em>α’νδρῶν</em></strong></span> 
     </span>
     <span class='ocr_line' id='line_1_23' title="bbox 616 3042 2295 3147; baseline 0.002 -25"><span class='ocrx_word' id='word_1_172' title='bbox 616 3042 905 3147; x_wconf 72' lang='grc' dir='ltr'><strong><em>ἥρω’ων,</em></strong></span> <span class='ocrx_word' id='word_1_173' title='bbox 960 3046 1086 3124; x_wconf 85' lang='grc' dir='ltr'><strong>ὅτε</strong></span> <span class='ocrx_word' id='word_1_174' title='bbox 1115 3052 1236 3125; x_wconf 71' lang='grc' dir='ltr'><strong>κέν</strong></span> <span class='ocrx_word' id='word_1_175' title='bbox 1261 3078 1381 3124; x_wconf 93' lang='grc' dir='ltr'><strong>τιν</strong></span> <span class='ocrx_word' id='word_1_176' title='bbox 1393 3046 1861 3147; x_wconf 68' lang='grc' dir='ltr'><strong><em>’ἐπιζάφελος</em></strong></span> <span class='ocrx_word' id='word_1_177' title='bbox 1889 3044 2169 3142; x_wconf 74' lang='grc' dir='ltr'><strong><em>χόλος”</em></strong></span> <span class='ocrx_word' id='word_1_178' title='bbox 2130 3077 2295 3125; x_wconf 79' lang='grc' dir='ltr'><strong><em>ιιιοι</em></strong></span> 
     </span>
    </p>
   </div>
   <div class='ocr_carea' id='block_1_10' title="bbox 1463 3305 1580 3375">
    <p class='ocr_par' dir='ltr' id='par_1_13' title="bbox 1463 3305 1580 3375">
     <span class='ocr_line' id='line_1_24' title="bbox 1463 3305 1580 3375; baseline -0.009 0"><span class='ocrx_word' id='word_1_179' title='bbox 1463 3305 1580 3375; x_wconf 88' lang='lat'>111.</span> 
     </span>
    </p>
   </div>
   <div class='ocr_carea' id='block_1_11' title="bbox 755 3459 2257 3557">
    <p class='ocr_par' dir='ltr' id='par_1_14' title="bbox 755 3459 2257 3557">
     <span class='ocr_line' id='line_1_25' title="bbox 755 3459 2257 3557; baseline -0.001 -25"><span class='ocrx_word' id='word_1_180' title='bbox 755 3459 886 3532; x_wconf 86' lang='lat' dir='ltr'><strong>De</strong></span> <span class='ocrx_word' id='word_1_181' title='bbox 938 3460 1373 3557; x_wconf 77' lang='lat' dir='ltr'><strong>optativo</strong></span> <span class='ocrx_word' id='word_1_182' title='bbox 1413 3483 1593 3556; x_wconf 77' lang='lat' dir='ltr'><strong>pro</strong></span> <span class='ocrx_word' id='word_1_183' title='bbox 1648 3460 2257 3532; x_wconf 75' lang='lat' dir='ltr'><strong>coniunctivo.</strong></span> 
     </span>
    </p>
   </div>
   <div class='ocr_carea' id='block_1_12' title="bbox 394 3616 2627 4541">
    <p class='ocr_par' dir='ltr' id='par_1_15' title="bbox 394 3616 2627 4541">
     <span class='ocr_line' id='line_1_26' title="bbox 611 3616 2627 3711; baseline 0.002 -27"><span class='ocrx_word' id='word_1_184' title='bbox 611 3616 932 3706; x_wconf 89' lang='lat' dir='ltr'><strong>Sequitur</strong></span> <span class='ocrx_word' id='word_1_185' title='bbox 997 3618 1286 3686; x_wconf 85' lang='lat' dir='ltr'><strong>alterum</strong></span> <span class='ocrx_word' id='word_1_186' title='bbox 1334 3640 1587 3711; x_wconf 60' lang='lat' dir='ltr'><strong>genus,</strong></span> <span class='ocrx_word' id='word_1_187' title='bbox 1617 3619 1929 3687; x_wconf 87' lang='lat' dir='ltr'><strong>orationis</strong></span> <span class='ocrx_word' id='word_1_188' title='bbox 1995 3617 2346 3708; x_wconf 87' lang='lat' dir='ltr'><strong>obliquae,</strong></span> <span class='ocrx_word' id='word_1_189' title='bbox 2437 3619 2627 3710; x_wconf 87' lang='lat' dir='ltr'><strong>quod</strong></span> 
     </span>
     <span class='ocr_line' id='line_1_27' title="bbox 401 3721 2624 3814; baseline 0.002 -28"><span class='ocrx_word' id='word_1_190' title='bbox 401 3721 775 3811; x_wconf 88' lang='lat' dir='ltr'><strong>optativum</strong></span> <span class='ocrx_word' id='word_1_191' title='bbox 825 3722 1118 3790; x_wconf 88' lang='lat' dir='ltr'><strong>continet</strong></span> <span class='ocrx_word' id='word_1_192' title='bbox 1163 3744 1293 3813; x_wconf 93' lang='lat' dir='ltr'><strong>pro</strong></span> <span class='ocrx_word' id='word_1_193' title='bbox 1336 3730 1563 3790; x_wconf 90' lang='lat' dir='ltr'><strong>rectae</strong></span> <span class='ocrx_word' id='word_1_194' title='bbox 1607 3723 1920 3791; x_wconf 88' lang='lat' dir='ltr'><strong>orationis</strong></span> <span class='ocrx_word' id='word_1_195' title='bbox 1963 3723 2385 3791; x_wconf 81' lang='lat' dir='ltr'><strong>coniunctivo</strong></span> <span class='ocrx_word' id='word_1_196' title='bbox 2422 3723 2624 3814; x_wconf 86' lang='lat' dir='ltr'><strong>posi-</strong></span> 
     </span>
     <span class='ocr_line' id='line_1_28' title="bbox 399 3824 2623 3927; baseline 0.001 -36"><span class='ocrx_word' id='word_1_197' title='bbox 399 3832 581 3909; x_wconf 88' lang='lat' dir='ltr'><strong>tum,</strong></span> <span class='ocrx_word' id='word_1_198' title='bbox 636 3835 702 3893; x_wconf 88' lang='lat' dir='ltr'><strong>et</strong></span> <span class='ocrx_word' id='word_1_199' title='bbox 744 3827 969 3917; x_wconf 88' lang='lat' dir='ltr'><strong>primo</strong></span> <span class='ocrx_word' id='word_1_200' title='bbox 1001 3825 1276 3915; x_wconf 85' lang='lat' dir='ltr'><strong>quidem</strong></span> <span class='ocrx_word' id='word_1_201' title='bbox 1315 3827 1454 3927; x_wconf 73' lang='lat' dir='ltr'><strong>sine</strong></span> <span class='ocrx_word' id='word_1_202' title='bbox 1494 3826 1827 3918; x_wconf 90' lang='lat' dir='ltr'><strong>particula</strong></span> <span class='ocrx_word' id='word_1_203' title='bbox 1863 3824 1975 3898; x_wconf 78' lang='grc' dir='ltr'><strong>ἄν.</strong></span> <span class='ocrx_word' id='word_1_204' title='bbox 2079 3824 2193 3892; x_wconf 83' lang='lat' dir='ltr'><strong>Ad</strong></span> <span class='ocrx_word' id='word_1_205' title='bbox 2237 3825 2375 3892; x_wconf 91' lang='lat' dir='ltr'><strong>hoc</strong></span> <span class='ocrx_word' id='word_1_206' title='bbox 2406 3850 2623 3917; x_wconf 83' lang='lat' dir='ltr'><strong>genus</strong></span> 
     </span>
     <span class='ocr_line' id='line_1_29' title="bbox 398 3927 2623 4021; baseline 0 -27"><span class='ocrx_word' id='word_1_207' title='bbox 398 3927 622 4019; x_wconf 88' lang='lat' dir='ltr'><strong>primo</strong></span> <span class='ocrx_word' id='word_1_208' title='bbox 653 3930 945 4021; x_wconf 83' lang='lat' dir='ltr'><strong>pertinet</strong></span> <span class='ocrx_word' id='word_1_209' title='bbox 980 3930 1194 3997; x_wconf 86' lang='lat' dir='ltr'><strong>omnis</strong></span> <span class='ocrx_word' id='word_1_210' title='bbox 1233 3929 1347 3996; x_wconf 91' lang='lat' dir='ltr'><strong>illa</strong></span> <span class='ocrx_word' id='word_1_211' title='bbox 1385 3930 1666 4020; x_wconf 81' lang='lat' dir='ltr'><strong>optativi</strong></span> <span class='ocrx_word' id='word_1_212' title='bbox 1699 3931 1908 4015; x_wconf 78' lang='lat' dir='ltr'><strong>ratio,</strong></span> <span class='ocrx_word' id='word_1_213' title='bbox 1964 3951 2139 4018; x_wconf 89' lang='lat' dir='ltr'><strong>quae</strong></span> <span class='ocrx_word' id='word_1_214' title='bbox 2173 3949 2257 3996; x_wconf 84' lang='lat' dir='ltr'><strong>ex</strong></span> <span class='ocrx_word' id='word_1_215' title='bbox 2279 3930 2623 4018; x_wconf 83' lang='lat' dir='ltr'><strong>particulis</strong></span> 
     </span>
     <span class='ocr_line' id='line_1_30' title="bbox 399 4022 2625 4130; baseline 0.004 -33"><span class='ocrx_word' id='word_1_216' title='bbox 399 4031 710 4099; x_wconf 86' lang='lat' dir='ltr'><strong>finalibus</strong></span> <span class='ocrx_word' id='word_1_217' title='bbox 754 4033 1030 4124; x_wconf 89' lang='lat' dir='ltr'><strong>pendet.</strong></span> <span class='ocrx_word' id='word_1_218' title='bbox 1133 4033 1312 4100; x_wconf 89' lang='lat' dir='ltr'><strong>Nam</strong></span> <span class='ocrx_word' id='word_1_219' title='bbox 1357 4032 1696 4130; x_wconf 80' lang='grc' dir='ltr'><strong><em>ἐποίησα,</em></strong></span> <span class='ocrx_word' id='word_1_220' title='bbox 1765 4032 1988 4106; x_wconf 76' lang='grc' dir='ltr'><strong>ποιῶ</strong></span> <span class='ocrx_word' id='word_1_221' title='bbox 2056 4022 2379 4125; x_wconf 83' lang='grc' dir='ltr'><strong><em>ποιήσω,</em></strong></span> <span class='ocrx_word' id='word_1_222' title='bbox 2435 4028 2625 4113; x_wconf 82' lang='grc' dir='ltr'><strong><em>ὅπως</em></strong></span> 
     </span>
     <span class='ocr_line' id='line_1_31' title="bbox 398 4133 2621 4229; baseline -0.002 -22"><span class='ocrx_word' id='word_1_223' title='bbox 398 4133 695 4229; x_wconf 75' lang='grc' dir='ltr'><strong><em>γένηται</em></strong></span> <span class='ocrx_word' id='word_1_224' title='bbox 734 4158 941 4224; x_wconf 88' lang='lat' dir='ltr'><strong>quum</strong></span> <span class='ocrx_word' id='word_1_225' title='bbox 983 4136 1078 4204; x_wconf 84' lang='lat' dir='ltr'><strong>sic</strong></span> <span class='ocrx_word' id='word_1_226' title='bbox 1112 4134 1406 4222; x_wconf 85' lang='lat' dir='ltr'><strong>dicatur,</strong></span> <span class='ocrx_word' id='word_1_227' title='bbox 1457 4144 1535 4204; x_wconf 89' lang='lat' dir='ltr'><strong>ut</strong></span> <span class='ocrx_word' id='word_1_228' title='bbox 1568 4145 1853 4205; x_wconf 81' lang='lat' dir='ltr'><strong>eventus</strong></span> <span class='ocrx_word' id='word_1_229' title='bbox 1901 4136 2314 4228; x_wconf 83' lang='lat' dir='ltr'><strong>significetur</strong></span> <span class='ocrx_word' id='word_1_230' title='bbox 2359 4134 2621 4203; x_wconf 85' lang='lat' dir='ltr'><strong>futurus</strong></span> 
     </span>
     <span class='ocr_line' id='line_1_32' title="bbox 399 4237 2621 4332; baseline 0.001 -29"><span class='ocrx_word' id='word_1_231' title='bbox 399 4258 582 4323; x_wconf 85' lang='lat' dir='ltr'><strong>esse,</strong></span> <span class='ocrx_word' id='word_1_232' title='bbox 652 4237 850 4307; x_wconf 84' lang='lat' dir='ltr'><strong>facile</strong></span> <span class='ocrx_word' id='word_1_233' title='bbox 900 4248 1006 4308; x_wconf 86' lang='lat' dir='ltr'><strong>est</strong></span> <span class='ocrx_word' id='word_1_234' title='bbox 1054 4237 1146 4306; x_wconf 87' lang='lat' dir='ltr'><strong>ad</strong></span> <span class='ocrx_word' id='word_1_235' title='bbox 1183 4239 1732 4332; x_wconf 88' lang='lat' dir='ltr'><strong>intelligendum,</strong></span> <span class='ocrx_word' id='word_1_236' title='bbox 1795 4248 1979 4308; x_wconf 89' lang='lat' dir='ltr'><strong>recte</strong></span> <span class='ocrx_word' id='word_1_237' title='bbox 2025 4240 2119 4306; x_wconf 88' lang='lat' dir='ltr'><strong>ita</strong></span> <span class='ocrx_word' id='word_1_238' title='bbox 2168 4237 2303 4305; x_wconf 88' lang='lat' dir='ltr'><strong>dici</strong></span> <span class='ocrx_word' id='word_1_239' title='bbox 2345 4239 2621 4327; x_wconf 88' lang='lat' dir='ltr'><strong>ubique,</strong></span> 
     </span>
     <span class='ocr_line' id='line_1_33' title="bbox 395 4324 2621 4433; baseline 0.001 -27"><span class='ocrx_word' id='word_1_240' title='bbox 395 4324 511 4407; x_wconf 89' lang='lat' dir='ltr'><strong>ubi</strong></span> <span class='ocrx_word' id='word_1_241' title='bbox 541 4363 624 4408; x_wconf 90' lang='lat' dir='ltr'><strong>ea</strong></span> <span class='ocrx_word' id='word_1_242' title='bbox 656 4341 953 4410; x_wconf 88' lang='lat' dir='ltr'><strong>indicare</strong></span> <span class='ocrx_word' id='word_1_243' title='bbox 976 4343 1285 4412; x_wconf 82' lang='lat' dir='ltr'><strong>volumus</strong></span> <span class='ocrx_word' id='word_1_244' title='bbox 1301 4394 1322 4429; x_wconf 90' lang='lat'>,</span> <span class='ocrx_word' id='word_1_245' title='bbox 1374 4365 1549 4433; x_wconf 88' lang='lat' dir='ltr'><strong>quae</strong></span> <span class='ocrx_word' id='word_1_246' title='bbox 1580 4352 1805 4411; x_wconf 89' lang='lat' dir='ltr'><strong>utrum</strong></span> <span class='ocrx_word' id='word_1_247' title='bbox 1837 4343 2146 4412; x_wconf 85' lang='lat' dir='ltr'><strong>eveniant</strong></span> <span class='ocrx_word' id='word_1_248' title='bbox 2171 4365 2255 4409; x_wconf 94' lang='lat' dir='ltr'><strong>an</strong></span> <span class='ocrx_word' id='word_1_249' title='bbox 2278 4364 2445 4428; x_wconf 89' lang='lat' dir='ltr'><strong>non,</strong></span> <span class='ocrx_word' id='word_1_250' title='bbox 2500 4364 2621 4410; x_wconf 82' lang='lat' dir='ltr'><strong>ex-</strong></span> 
     </span>
     <span class='ocr_line' id='line_1_34' title="bbox 394 4444 2617 4541; baseline 0.001 -30"><span class='ocrx_word' id='word_1_251' title='bbox 394 4444 727 4535; x_wconf 86' lang='lat' dir='ltr'><strong>perientia</strong></span> <span class='ocrx_word' id='word_1_252' title='bbox 753 4445 958 4517; x_wconf 84' lang='lat' dir='ltr'><strong>simus</strong></span> <span class='ocrx_word' id='word_1_253' title='bbox 991 4446 1341 4541; x_wconf 82' lang='lat' dir='ltr'><strong>cognituri.</strong></span> <span class='ocrx_word' id='word_1_254' title='bbox 1445 4446 1529 4516; x_wconf 85' lang='lat' dir='ltr'><strong>ld</strong></span> <span class='ocrx_word' id='word_1_255' title='bbox 1557 4447 1676 4516; x_wconf 88' lang='lat' dir='ltr'><strong>ubi</strong></span> <span class='ocrx_word' id='word_1_256' title='bbox 1702 4447 2076 4541; x_wconf 89' lang='lat' dir='ltr'><strong>principale</strong></span> <span class='ocrx_word' id='word_1_257' title='bbox 2105 4445 2386 4517; x_wconf 81' lang='lat' dir='ltr'><strong>verbum</strong></span> <span class='ocrx_word' id='word_1_258' title='bbox 2409 4468 2617 4538; x_wconf 89' lang='lat' dir='ltr'><strong>prae--</strong></span> 
     </span>
    </p>
   </div>
  </div>
 </body>
</html>
