3284 5159
575 431 666 495 54
1249 423 1367 482 DE
1436 419 1985 485 PARTIGVLA
2029 414 2121 484 ἃν

708 591 717 598 ,
776 614 1043 684 Eadem
1062 612 1235 681 ratio
1262 623 1364 681 est
1388 612 1872 705 particularum
1898 610 2199 680 finalium
2217 661 2238 697 ‚
2288 618 2368 679 ιιι
2399 608 2629 709 ὄφρα)
2683 609 2800 702 ω’ς,

573 714 804 809 ὅπως,
859 724 1000 791 ἵνα
1036 731 1041 735 ’
1104 715 1593 810 Aristophanes
1623 713 2103 788 Eccles.151.

774 895 1184 998 ἐβουλόμην
1232 905 1372 996 μὲν
1425 908 1677 998 ἕτερον
1730 930 1824 974 αν
1872 901 2022 975 τοῖν
2073 896 2375 997 ἠθάδων

782 1009 1016 1099 λέγειν
1065 1033 1164 1078 τα
1215 1000 1599 1099 βέλτισθ,
1654 1001 1755 1079 ἵν
1809 998 2186 1103 ἐκαθήμην
2237 1001 2517 1102 ἥσυχος.

573 1176 752 1247 Vide
788 1175 999 1266 Vesp.
1047 1172 1226 1250 961.
1331 1173 1509 1243 Illud
1555 1173 1961 1259 notandum,
2025 1172 2205 1243 hanc
2240 1175 2805 1245 constructionem

573 1278 915 1349 indicativi
950 1276 1094 1346 sine
1135 1277 1464 1369 particula
1504 1275 1595 1350 ἂν
1634 1277 1724 1346 de
1752 1300 1945 1366 more
1983 1276 2293 1368 usurpari
2310 1324 2332 1361 ‚
2382 1278 2501 1346 ubi
2544 1289 2806 1349 senten-

575 1384 668 1451 tia
694 1381 1086 1474 principalis
1102 1431 1124 1467 ‚
1169 1382 1309 1451 sive
1340 1380 1571 1450 addito
1606 1378 1699 1453 ἄν
1720 1430 1741 1466 ,
1794 1381 1934 1448 sive
1972 1402 2107 1447 non
2147 1377 2381 1447 addito
2395 1428 2417 1461 ‚
2471 1377 2806 1451 conditio-2

576 1507 735 1556 nem
753 1506 889 1552 non
911 1484 1262 1578 impletam
1278 1484 1592 1571 continet,
1624 1492 1703 1551 ut
1727 1482 1916 1576 apud
1932 1482 2354 1574 Aeschylum
2377 1483 2606 1559 Prom.
2626 1484 2826 1596 746„

785 1670 864 1744 τί
914 1667 1089 1766 δῆτ’
1143 1668 1309 1763 ἐμοὶ
1363 1671 1485 1760 ζῆν
1535 1670 1809 1765 κέρδος,
1864 1664 2029 1742 ἀλλ’
2082 1665 2213 1743 οὐκ
2265 1673 2344 1743 ἐν
2393 1700 2602 1762 ‘mxu

790 1769 1038 1872 ἔρριψ’
1091 1767 1416 1894 ἐμαυτήν
1467 1770 1669 1870 τῆςδ’
1715 1765 1866 1860 οἷπό
1918 1765 2245 1897 στύφλου
2286 1775 2576 1897 πέτρας,

790 1874 977 1956 ὅπως
1026 1878 1216 1969 πέδῳ
1271 1869 1609 1971 σκήψασα
1660 1875 1809 1950 τῶν
1858 1903 2154 1949 παντων
2205 1869 2447 1950 πόνων

787 1970 1242 2077 απηλλοῖγηνς

579 2148 918 2240 Exempla
951 2146 1288 2238 quaedam
1325 2146 1512 2215 dedit
1543 2143 1878 2217 Matthiae
1893 2147 1974 2215 -in
2000 2169 2108 2239 gr.
2139 2145 2266 2219 Gr.
2309 2139 2392 2242 §.
2435 2142 2611 2222 52⁰.
2663 2158 2804 2223 not.

456 2316 467 2322 ,
582 2248 656 2327 5.
701 2253 820 2342 qui
861 2260 1088 2330 tamen
1124 2273 1350 2341 neque
1388 2250 1626 2342 Eurip.
1669 2250 1936 2323 Phoen.
1979 2249 2156 2323 213.
2199 2249 2448 2319 afferre
2489 2250 2806 2339 debebat,

583 2377 720 2445 quo
749 2355 820 2423 in
860 2355 1018 2423 loco
1051 2359 1171 2426 ἵνα
1213 2375 1353 2422 ιιοιι
1385 2361 1467 2421 ut
1489 2402 1510 2438 ‚
1562 2352 1688 2421 sed
1732 2351 1855 2422 uba·
1883 2354 2256 2447 significat,
2303 2376 2528 2445 neque
2569 2355 2807 2423 Plato-

584 2460 687 2527 nis
713 2458 949 2526 locum·
967 2456 1035 2524 in
1061 2455 1362 2525 Menone
1394 2454 1488 2523 ita
1522 2464 1905 2526 truncatum
1934 2479 2287 2549 apponere
2301 2507 2323 2543 ‚
2375 2466 2451 2525 ut
2476 2458 2672 2526 Plato
2701 2458 2807 2526 le·-

587 2560 901 2654 gentibus
956 2559 1183 2646 aliter,
1234 2582 1441 2649 quam
1486 2560 1683 2647 licet,
1746 2560 2062 2650 loquutus
2102 2559 2423 2633 videatur.
2530 2560 2808 2655 Integer

584 2666 775 2734 locus
799 2662 913 2730 hic
944 2671 1046 2740 est
1067 2685 1141 2753 p.
1162 2609 1298 2736 ³89.
1327 2663 1415 2736 Β.
1448 2661 1566 2734 καὶ
1594 2690 1732 2757 γαρ
1755 2660 1848 2736 ἅν
1880 2690 2024 2737 που
2052 2690 2170 2735 και
2154 2656 2360 2735 ’τόδ’
2388 2659 2510 2760 ἦν·
2563 2666 2636 2736 εἰ
2667 2658 2810 2761 ‹pii-
2936 2655 2942 2663 ’

588 2794 700 2840 σει
731 2771 806 2837 οἱ
848 2761 1129 2858 ἁγαθοὶ
1166 2764 1581 2859 ἐγίγνοντο,
1633 2759 1819 2862 ἦσαν
1859 2792 2002 2839 που
2033 2792 2126 2838 αν
2154 2762 2330 2863 ἡμῖν
2355 2772 2443 2890 ρὶ
2477 2772 2811 2893 ἐγίγνωσ-

587 2963 1180 3092 παραλαβόντες,
1234 2973 1520 3045 ἐκείνων
1530 2997 2134 3094 αποφηναντων,
2188 2965 2695 3068 ἔφυλαττομεν
2730 2976 2808 3047 ἐν

590 3066 1020 3169 ἀκροπόλει,
1071 3098 1766 3193 κατασημηναμενοι
1825 3068 2016 3147 πολυ
2059 3075 2376 3168 μαλλον
2372 3074 2437 3171 ἢ
2494 3103 2583 3148 το
2635 3099 2809 3171 χρυ-

590 3176 796 3258 σίον,
848 3181 970 3249 ἵνα
1005 3175 1249 3297 μηδεὶς
1291 3169 1558 3257 αὐτους
1600 3179 2070 3299 διέφθειρεν,
2123 3172 2283 3251 ἀλλ’
2330 3171 2587 3299 ἐπειδή
2624 3174 2809 3273 depl-

590 3302 840 3351 κοιντο
875 3281 973 3358 εἰς
1004 3303 1140 3373 την
1165 3276 1476 3375 ἠλικίαν,
1530 3273 1879 3375 χρήσιμοι
1900 3278 2268 3373 γίγνοιντο
2300 3286 2460 3361 ταῖς
2487 3274 2806 3354 πόλεσιν
2919 3342 2925 3346 .

590 3381 929 3472 Apertum
956 3392 1094 3465 est,
1145 3402 1534 3473 expressam
1566 3403 1714 3451 esse
1757 3382 1828 3451 in
1869 3382 2224 3503 principali
2272 3384 2598 3453 sententia
2638 3406 2808 3451 con-

591 3482 912 3551 ditionem
952 3505 1089 3552 non
1117 3481 1486 3574 impletam.
1594 3485 1827 3570 Quod
1847 3486 1902 3555 si
1946 3507 2122 3575 quae
2152 3508 2282 3576 per
2332 3484 2456 3567 οὓς
2498 3485 2810 3555 adiuncta

590 3596 693 3655 est
734 3586 1092 3673 sententia,
1134 3586 1389 3654 iterum
1427 3588 1639 3657 habet
1685 3586 1818 3677 ἄν,
1871 3589 2125 3657 factum
2156 3587 2244 3655 'id
2284 3597 2388 3657 est
2431 3612 2514 3658 eo
2531 3638 2551 3670 ,
2615 3589 2811 3679 quod

589 3711 725 3757 non
769 3688 1041 3782 pendet,
1079 3711 1164 3757 ex
1201 3690 1432 3781 priore
1473 3690 1831 3778 sententia,
1884 3690 2009 3760 sed
2054 3692 2196 3759 sola
2232 3715 2366 3783 ¹per
2405 3716 2480 3761 se
2524 3701 2805 3765 constat.

590 3791 802 3878 Quod
838 3790 1064 3861 autem
1084 3793 1159 3860 in
1182 3793 1321 3861 fine
1347 3803 1642 3864 mutatur
1668 3794 1860 3863 verbi
1884 3794 2158 3881 moduS‚
2206 3791 2282 3863 id
2314 3803 2500 3864 recte
2535 3795 2811 3885 quidem

589 3896 913 3964 observat·
931 3896 1551 3966 Buttmannus-fieri
1584 3906 1872 3990 propter
1901 3911 2375 3990 praegressum
2401 3894 2810 3992 ἀφίκοιντο,

591 3998 713 4070 sed
743 4021 881 4068 non
913 3999 1232 4090 explicuit
1261 4007 1510 4073 tamen.
1576 4001 1909 4069 Nimirum
1935 4023 2072 4068 non
2103 4011 2287 4070 recte
2319 4001 2589 4069 dixisset
2615 4002 2811 4069 Plato
2881 4013 2888 4022 '

588 4096 838 4197 ἐπειδή
868 4097 1264 4195 οἱφίκοντο,
1314 4103 1500 4192 quod
1541 4105 1635 4173 sic
1669 4093 2061 4189 indicasset,
2112 4126 2251 4173 non
2287 4103 2498 4173 fuisse
2527 4102 2677 4176 illos
2722 4103 2812 4172 ad

586 4205 829 4273 iustam
855 4213 1146 4273 aetatem
1186 4205 1650 4326 perventuros,
1758 4206 1969 4291 Quod
2016 4208 2069 4274 si
2108 4208 2475 4300 participio
2491 4229 2650 4275 usus
2700 4231 2812 4276 es-

591 4316 726 4395 set,
779 4316 966 4376 recte
1000 4305 1307 4394 dixisset,
1357 4304 1519 4382 ἀλλ’
1552 4303 1989 4403 ἄφικόμενοι
2030 4337 2126 4391 εις
2152 4338 2288 4409 την
2331 4308 2613 4407 ἠλικίαν
2645 4303 2813 4408 χρή·-

588 4438 803 4504 σιμοι
831 4408 1225 4505 ἐγίγνοντο.
1291 4413 1440 4480 Nec
1468 4434 1606 4490 non
1631 4411 1857 4506 potuit
1887 4411 2256 4506 ἐγίγνοντο
2286 4413 2536 4498 dicere,
2570 4431 2812 4504 quam-
