<?xml version="1.0" encoding="UTF-8"?>
<!DOCTYPE html PUBLIC "-//W3C//DTD XHTML 1.0 Transitional//EN"
    "http://www.w3.org/TR/xhtml1/DTD/xhtml1-transitional.dtd">
<html xmlns="http://www.w3.org/1999/xhtml" xml:lang="en" lang="en">
 <head>
  <title>
</title>
<meta http-equiv="Content-Type" content="text/html;charset=utf-8" />
  <meta name='ocr-system' content='tesseract 3.04.00' />
  <meta name='ocr-capabilities' content='ocr_page ocr_carea ocr_par ocr_line ocrx_word'/>
</head>
<body>
  <div class='ocr_page' id='page_1' title='image "./departicuvlaanl00hermgoog_0143.png"; bbox 0 0 3284 5159; ppageno 0'>
   <div class='ocr_carea' id='block_1_1' title="bbox 463 350 2792 686">
    <p class='ocr_par' dir='ltr' id='par_1_1' title="bbox 463 350 2792 686">
     <span class='ocr_line' id='line_1_1' title="bbox 1131 350 2792 478; baseline 0.008 -12"><span class='ocrx_word' id='word_1_1' title='bbox 1131 405 1306 468; x_wconf 83' lang='lat' dir='ltr'><strong>LIB.</strong></span> <span class='ocrx_word' id='word_1_2' title='bbox 1349 405 1428 470; x_wconf 80' lang='lat'><strong>11.</strong></span> <span class='ocrx_word' id='word_1_3' title='bbox 1516 406 1713 468; x_wconf 85' lang='lat' dir='ltr'>CAP.</span> <span class='ocrx_word' id='word_1_4' title='bbox 1756 407 1860 471; x_wconf 76' lang='lat'><strong>12.</strong></span> <span class='ocrx_word' id='word_1_5' title='bbox 1909 407 2013 471; x_wconf 69' lang='lat'><strong>13.</strong></span> <span class='ocrx_word' id='word_1_6' title='bbox 2389 412 2416 418; x_wconf 59' lang='grc'><strong>““</strong></span> <span class='ocrx_word' id='word_1_7' title='bbox 2574 414 2697 478; x_wconf 76' lang='lat'><strong>181</strong></span> <span class='ocrx_word' id='word_1_8' title='bbox 2789 350 2792 359; x_wconf 27' lang='grc'><strong>1</strong></span> 
     </span>
     <span class='ocr_line' id='line_1_2' title="bbox 463 592 867 686; baseline 0.002 -23"><span class='ocrx_word' id='word_1_9' title='bbox 463 593 656 686; x_wconf 63' lang='lat' dir='ltr'><strong>eyci</strong></span> <span class='ocrx_word' id='word_1_10' title='bbox 692 592 867 664; x_wconf 79' lang='lat'><strong>558.</strong></span> 
     </span>
    </p>
   </div>
   <div class='ocr_carea' id='block_1_2' title="bbox 459 743 2273 976">
    <p class='ocr_par' dir='ltr' id='par_1_2' title="bbox 459 743 2273 976">
     <span class='ocr_line' id='line_1_3' title="bbox 669 743 2273 848; baseline -0.002 -25"><span class='ocrx_word' id='word_1_11' title='bbox 669 745 1132 842; x_wconf 73' lang='grc' dir='ltr'><strong><em>ἀπομνκτέον</em></strong></span> <span class='ocrx_word' id='word_1_12' title='bbox 1162 749 1240 826; x_wconf 72' lang='grc' dir='ltr'><strong>δὲ</strong></span> <span class='ocrx_word' id='word_1_13' title='bbox 1272 747 1393 824; x_wconf 85' lang='grc' dir='ltr'><strong><em>σοι’</em></strong></span> <span class='ocrx_word' id='word_1_14' title='bbox 1418 744 1534 844; x_wconf 78' lang='grc' dir='ltr'><strong>γ’,</strong></span> <span class='ocrx_word' id='word_1_15' title='bbox 1589 745 1780 832; x_wconf 77' lang='grc' dir='ltr'><strong><em>ὅπως</em></strong></span> <span class='ocrx_word' id='word_1_16' title='bbox 1810 743 2027 848; x_wconf 72' lang='grc' dir='ltr'><strong><em>λήψει</em></strong></span> <span class='ocrx_word' id='word_1_17' title='bbox 2059 755 2273 824; x_wconf 65' lang='grc' dir='ltr'><strong><em>πιεῖν.</em></strong></span> 
     </span>
     <span class='ocr_line' id='line_1_4' title="bbox 459 864 1095 976; baseline 0.006 -3"><span class='ocrx_word' id='word_1_18' title='bbox 459 904 714 975; x_wconf 68' lang='lat' dir='ltr'><strong>Eleon.</strong></span> <span class='ocrx_word' id='word_1_19' title='bbox 746 900 921 976; x_wconf 74' lang='lat'><strong>835.</strong></span> <span class='ocrx_word' id='word_1_20' title='bbox 1092 864 1095 867; x_wconf 29' lang='lat'><em>¹</em></span> 
     </span>
    </p>
   </div>
   <div class='ocr_carea' id='block_1_3' title="bbox 669 1055 2389 1361">
    <p class='ocr_par' dir='ltr' id='par_1_3' title="bbox 669 1055 2389 1361">
     <span class='ocr_line' id='line_1_5' title="bbox 1414 1055 2389 1157; baseline -0.001 -25.949"><span class='ocrx_word' id='word_1_21' title='bbox 1414 1053 1632 1179; x_wconf 43' lang='grc' dir='ltr'><strong><em>οὐχ’,</em></strong></span> <span class='ocrx_word' id='word_1_22' title='bbox 1688 1055 1879 1138; x_wconf 81' lang='grc' dir='ltr'><em>ὅπως</em></span> <span class='ocrx_word' id='word_1_23' title='bbox 1902 1056 2389 1157; x_wconf 78' lang='grc' dir='ltr'><strong><em>πευστηρίαν</em></strong></span> 
     </span>
     <span class='ocr_line' id='line_1_6' title="bbox 669 1155 2185 1258; baseline -0.002 -23"><span class='ocrx_word' id='word_1_24' title='bbox 669 1155 1269 1255; x_wconf 77' lang='grc' dir='ltr'><strong><em>θοινασόμεσθα,</em></strong></span> <span class='ocrx_word' id='word_1_25' title='bbox 1327 1156 1616 1235; x_wconf 76' lang='grc' dir='ltr'><strong><em>Φθιάδ’</em></strong></span> <span class='ocrx_word' id='word_1_26' title='bbox 1647 1157 1813 1235; x_wconf 79' lang='grc' dir='ltr'><strong><em>α’ντὶ</em></strong></span> <span class='ocrx_word' id='word_1_27' title='bbox 1850 1161 2185 1258; x_wconf 81' lang='grc' dir='ltr'><strong><em>Δωρικῆς</em></strong></span> 
     </span>
     <span class='ocr_line' id='line_1_7' title="bbox 669 1260 1536 1361; baseline 0.001 -25"><span class='ocrx_word' id='word_1_28' title='bbox 669 1266 853 1338; x_wconf 78' lang='grc' dir='ltr'><strong><em>οἴσει</em></strong></span> <span class='ocrx_word' id='word_1_29' title='bbox 889 1291 1000 1345; x_wconf 84' lang='grc' dir='ltr'><strong>τις</strong></span> <span class='ocrx_word' id='word_1_30' title='bbox 1027 1260 1203 1361; x_wconf 81' lang='grc' dir='ltr'><strong><em>ἧμιν</em></strong></span> <span class='ocrx_word' id='word_1_31' title='bbox 1237 1265 1536 1347; x_wconf 71' lang='grc' dir='ltr'><strong><em>κοπίςδα</em></strong></span> 
     </span>
    </p>
   </div>
   <div class='ocr_carea' id='block_1_4' title="bbox 457 1415 2688 1511">
    <p class='ocr_par' dir='ltr' id='par_1_4' title="bbox 457 1415 2688 1511">
     <span class='ocr_line' id='line_1_8' title="bbox 457 1415 2688 1511; baseline 0.001 -25"><span class='ocrx_word' id='word_1_32' title='bbox 457 1418 762 1486; x_wconf 88' lang='lat' dir='ltr'><strong>Fallatur</strong></span> <span class='ocrx_word' id='word_1_33' title='bbox 803 1440 966 1488; x_wconf 83' lang='lat' dir='ltr'><strong>vero</strong></span> <span class='ocrx_word' id='word_1_34' title='bbox 980 1469 1001 1507; x_wconf 99' lang='lat'><strong>,</strong></span> <span class='ocrx_word' id='word_1_35' title='bbox 1049 1419 1168 1507; x_wconf 92' lang='lat' dir='ltr'><strong>qui</strong></span> <span class='ocrx_word' id='word_1_36' title='bbox 1202 1419 1487 1510; x_wconf 82' lang='lat' dir='ltr'><strong>perinde</strong></span> <span class='ocrx_word' id='word_1_37' title='bbox 1533 1440 1681 1487; x_wconf 86' lang='lat' dir='ltr'><strong>esse</strong></span> <span class='ocrx_word' id='word_1_38' title='bbox 1727 1426 1925 1511; x_wconf 88' lang='lat' dir='ltr'><strong>putet</strong></span> <span class='ocrx_word' id='word_1_39' title='bbox 1939 1467 1960 1505; x_wconf 99' lang='lat'><strong>,</strong></span> <span class='ocrx_word' id='word_1_40' title='bbox 2010 1425 2237 1485; x_wconf 87' lang='lat' dir='ltr'><strong>utrum</strong></span> <span class='ocrx_word' id='word_1_41' title='bbox 2280 1415 2509 1487; x_wconf 85' lang='lat' dir='ltr'><strong>futuro</strong></span> <span class='ocrx_word' id='word_1_42' title='bbox 2540 1419 2688 1509; x_wconf 84' lang='lat' dir='ltr'><strong>quis</strong></span> 
     </span>
    </p>
   </div>
   <div class='ocr_carea' id='block_1_5' title="bbox 324 1522 2690 1614">
    <p class='ocr_par' dir='ltr' id='par_1_5' title="bbox 324 1522 2690 1614">
     <span class='ocr_line' id='line_1_9' title="bbox 324 1522 2690 1614; baseline 0.001 -26"><span class='ocrx_word' id='word_1_43' title='bbox 324 1572 329 1575; x_wconf 83' lang='lat'><em>-</em></span> <span class='ocrx_word' id='word_1_44' title='bbox 457 1545 546 1588; x_wconf 88' lang='lat' dir='ltr'><strong>an</strong></span> <span class='ocrx_word' id='word_1_45' title='bbox 591 1523 1010 1605; x_wconf 88' lang='lat' dir='ltr'><strong>coniunctivo</strong></span> <span class='ocrx_word' id='word_1_46' title='bbox 1051 1530 1294 1590; x_wconf 84' lang='lat' dir='ltr'><strong>utatur.</strong></span> <span class='ocrx_word' id='word_1_47' title='bbox 1399 1524 1579 1590; x_wconf 88' lang='lat' dir='ltr'><strong>Nam</strong></span> <span class='ocrx_word' id='word_1_48' title='bbox 1612 1523 1685 1589; x_wconf 91' lang='lat' dir='ltr'><strong>in</strong></span> <span class='ocrx_word' id='word_1_49' title='bbox 1727 1522 1864 1589; x_wconf 91' lang='lat' dir='ltr'><strong>hoc</strong></span> <span class='ocrx_word' id='word_1_50' title='bbox 1908 1542 2183 1612; x_wconf 90' lang='lat' dir='ltr'><strong>quoque</strong></span> <span class='ocrx_word' id='word_1_51' title='bbox 2225 1544 2481 1614; x_wconf 85' lang='lat' dir='ltr'><strong>genere</strong></span> <span class='ocrx_word' id='word_1_52' title='bbox 2510 1523 2690 1591; x_wconf 89' lang='lat' dir='ltr'><strong>indi-</strong></span> 
     </span>
    </p>
   </div>
   <div class='ocr_carea' id='block_1_6' title="bbox 459 1624 2688 1717">
    <p class='ocr_par' dir='ltr' id='par_1_6' title="bbox 459 1624 2688 1717">
     <span class='ocr_line' id='line_1_10' title="bbox 459 1624 2688 1717; baseline 0.002 -26"><span class='ocrx_word' id='word_1_53' title='bbox 459 1625 660 1692; x_wconf 87' lang='lat' dir='ltr'><strong>cativi</strong></span> <span class='ocrx_word' id='word_1_54' title='bbox 694 1624 868 1693; x_wconf 90' lang='lat' dir='ltr'><strong>haec</strong></span> <span class='ocrx_word' id='word_1_55' title='bbox 900 1625 999 1694; x_wconf 83' lang='lat' dir='ltr'><strong>vis</strong></span> <span class='ocrx_word' id='word_1_56' title='bbox 1039 1634 1175 1710; x_wconf 88' lang='lat' dir='ltr'><strong>est,</strong></span> <span class='ocrx_word' id='word_1_57' title='bbox 1227 1634 1303 1693; x_wconf 86' lang='lat' dir='ltr'><strong>ut</strong></span> <span class='ocrx_word' id='word_1_58' title='bbox 1334 1625 1425 1693; x_wconf 82' lang='lat' dir='ltr'><strong>ad</strong></span> <span class='ocrx_word' id='word_1_59' title='bbox 1471 1634 1727 1694; x_wconf 88' lang='lat' dir='ltr'><strong>certam</strong></span> <span class='ocrx_word' id='word_1_60' title='bbox 1771 1626 2160 1717; x_wconf 83' lang='lat' dir='ltr'><strong>opinionem</strong></span> <span class='ocrx_word' id='word_1_61' title='bbox 2187 1626 2688 1696; x_wconf 77' lang='lat' dir='ltr'><strong>voluntatemve</strong></span> 
     </span>
    </p>
   </div>
   <div class='ocr_carea' id='block_1_7' title="bbox 330 1724 2688 1819">
    <p class='ocr_par' dir='ltr' id='par_1_7' title="bbox 330 1724 2688 1819">
     <span class='ocr_line' id='line_1_11' title="bbox 330 1724 2688 1819; baseline 0.003 -28"><span class='ocrx_word' id='word_1_62' title='bbox 330 1784 341 1791; x_wconf 72' lang='grc'><strong><em>,</em></strong></span> <span class='ocrx_word' id='word_1_63' title='bbox 455 1728 812 1800; x_wconf 84' lang='lat' dir='ltr'><strong>referatur.</strong></span> <span class='ocrx_word' id='word_1_64' title='bbox 915 1729 1009 1796; x_wconf 88' lang='lat' dir='ltr'><strong>Et</strong></span> <span class='ocrx_word' id='word_1_65' title='bbox 1050 1729 1624 1819; x_wconf 82' lang='lat' dir='ltr'><strong>quemadmodum</strong></span> <span class='ocrx_word' id='word_1_66' title='bbox 1661 1729 1882 1796; x_wconf 91' lang='lat' dir='ltr'><strong>multis</strong></span> <span class='ocrx_word' id='word_1_67' title='bbox 1916 1729 1985 1796; x_wconf 90' lang='lat' dir='ltr'><strong>in</strong></span> <span class='ocrx_word' id='word_1_68' title='bbox 2024 1724 2228 1795; x_wconf 81' lang='lat' dir='ltr'><strong>rebus</strong></span> <span class='ocrx_word' id='word_1_69' title='bbox 2247 1779 2267 1814; x_wconf 89' lang='lat'><strong>,</strong></span> <span class='ocrx_word' id='word_1_70' title='bbox 2314 1729 2411 1795; x_wconf 88' lang='lat' dir='ltr'><strong>ita</strong></span> <span class='ocrx_word' id='word_1_71' title='bbox 2445 1730 2517 1796; x_wconf 92' lang='lat' dir='ltr'><strong>in</strong></span> <span class='ocrx_word' id='word_1_72' title='bbox 2553 1729 2688 1798; x_wconf 86' lang='lat' dir='ltr'><strong>hac</strong></span> 
     </span>
    </p>
   </div>
   <div class='ocr_carea' id='block_1_8' title="bbox 451 1830 2687 2753">
    <p class='ocr_par' dir='ltr' id='par_1_8' title="bbox 451 1830 2687 2753">
     <span class='ocr_line' id='line_1_12' title="bbox 457 1830 2687 1925; baseline 0.001 -26"><span class='ocrx_word' id='word_1_73' title='bbox 457 1848 735 1921; x_wconf 89' lang='lat' dir='ltr'><strong>quoque</strong></span> <span class='ocrx_word' id='word_1_74' title='bbox 781 1830 1188 1900; x_wconf 85' lang='lat' dir='ltr'><strong>Germanica</strong></span> <span class='ocrx_word' id='word_1_75' title='bbox 1235 1833 1462 1925; x_wconf 81' lang='lat' dir='ltr'><strong>lingua</strong></span> <span class='ocrx_word' id='word_1_76' title='bbox 1495 1855 1653 1900; x_wconf 91' lang='lat' dir='ltr'><strong>cum</strong></span> <span class='ocrx_word' id='word_1_77' title='bbox 1695 1831 1965 1901; x_wconf 86' lang='lat' dir='ltr'><strong>Graeca</strong></span> <span class='ocrx_word' id='word_1_78' title='bbox 2007 1832 2350 1916; x_wconf 88' lang='lat' dir='ltr'><strong>convenit,</strong></span> <span class='ocrx_word' id='word_1_79' title='bbox 2405 1833 2687 1901; x_wconf 89' lang='lat' dir='ltr'><strong>coniun-</strong></span> 
     </span>
     <span class='ocr_line' id='line_1_13' title="bbox 457 1934 2686 2023; baseline 0.001 -22"><span class='ocrx_word' id='word_1_80' title='bbox 457 1935 637 2002; x_wconf 88' lang='lat' dir='ltr'><strong>ctivo</strong></span> <span class='ocrx_word' id='word_1_81' title='bbox 678 1943 882 2023; x_wconf 90' lang='lat' dir='ltr'><strong>atque</strong></span> <span class='ocrx_word' id='word_1_82' title='bbox 913 1935 1275 2004; x_wconf 84' lang='lat' dir='ltr'><strong>indicativo</strong></span> <span class='ocrx_word' id='word_1_83' title='bbox 1316 1947 1505 2004; x_wconf 91' lang='lat' dir='ltr'><strong>utens</strong></span> <span class='ocrx_word' id='word_1_84' title='bbox 1555 1934 1798 2003; x_wconf 89' lang='lat' dir='ltr'><strong>eadem</strong></span> <span class='ocrx_word' id='word_1_85' title='bbox 1852 1957 2007 2002; x_wconf 90' lang='lat' dir='ltr'><strong>cum</strong></span> <span class='ocrx_word' id='word_1_86' title='bbox 2055 1935 2419 2003; x_wconf 87' lang='lat' dir='ltr'><strong>sententiae</strong></span> <span class='ocrx_word' id='word_1_87' title='bbox 2457 1935 2686 2004; x_wconf 86' lang='lat' dir='ltr'><strong>diver-</strong></span> 
     </span>
     <span class='ocr_line' id='line_1_14' title="bbox 455 2037 2685 2131; baseline 0.001 -26"><span class='ocrx_word' id='word_1_88' title='bbox 455 2038 647 2106; x_wconf 86' lang='lat' dir='ltr'><strong>sitate</strong></span> <span class='ocrx_word' id='word_1_89' title='bbox 663 2086 684 2123; x_wconf 88' lang='lat'><strong>,</strong></span> <span class='ocrx_word' id='word_1_90' title='bbox 756 2038 879 2105; x_wconf 91' lang='lat' dir='ltr'><strong>nisi</strong></span> <span class='ocrx_word' id='word_1_91' title='bbox 930 2038 1119 2128; x_wconf 92' lang='lat' dir='ltr'><strong>quod</strong></span> <span class='ocrx_word' id='word_1_92' title='bbox 1165 2062 1295 2131; x_wconf 89' lang='lat' dir='ltr'><strong>pro</strong></span> <span class='ocrx_word' id='word_1_93' title='bbox 1344 2040 1572 2107; x_wconf 87' lang='lat' dir='ltr'><strong>futuro</strong></span> <span class='ocrx_word' id='word_1_94' title='bbox 1613 2039 1984 2129; x_wconf 89' lang='lat' dir='ltr'><strong>praesentis</strong></span> <span class='ocrx_word' id='word_1_95' title='bbox 2021 2037 2449 2105; x_wconf 88' lang='lat' dir='ltr'><strong>indicativum</strong></span> <span class='ocrx_word' id='word_1_96' title='bbox 2485 2061 2685 2108; x_wconf 86' lang='lat' dir='ltr'><strong>usur-</strong></span> 
     </span>
     <span class='ocr_line' id='line_1_15' title="bbox 453 2139 2682 2234; baseline 0.001 -26"><span class='ocrx_word' id='word_1_97' title='bbox 453 2150 596 2234; x_wconf 85' lang='lat' dir='ltr'><strong>pat.</strong></span> <span class='ocrx_word' id='word_1_98' title='bbox 699 2142 1084 2210; x_wconf 86' lang='lat' dir='ltr'><strong>Declarabo</strong></span> <span class='ocrx_word' id='word_1_99' title='bbox 1116 2166 1263 2212; x_wconf 89' lang='lat' dir='ltr'><strong>rem</strong></span> <span class='ocrx_word' id='word_1_100' title='bbox 1294 2166 1377 2223; x_wconf 83' lang='lat' dir='ltr'><strong>eo</strong></span> <span class='ocrx_word' id='word_1_101' title='bbox 1408 2143 1763 2232; x_wconf 88' lang='lat' dir='ltr'><strong>exemplo,</strong></span> <span class='ocrx_word' id='word_1_102' title='bbox 1818 2139 2007 2231; x_wconf 89' lang='lat' dir='ltr'><strong>quod</strong></span> <span class='ocrx_word' id='word_1_103' title='bbox 2049 2163 2088 2208; x_wconf 93' lang='lat' dir='ltr'><strong>e</strong></span> <span class='ocrx_word' id='word_1_104' title='bbox 2133 2140 2445 2233; x_wconf 81' lang='lat' dir='ltr'><strong>Cyclope</strong></span> <span class='ocrx_word' id='word_1_105' title='bbox 2472 2141 2682 2214; x_wconf 87' lang='lat' dir='ltr'><strong>attuli.</strong></span> 
     </span>
     <span class='ocr_line' id='line_1_16' title="bbox 455 2240 2685 2343; baseline 0 -30"><span class='ocrx_word' id='word_1_106' title='bbox 455 2244 533 2313; x_wconf 86' lang='lat' dir='ltr'><strong>Si</strong></span> <span class='ocrx_word' id='word_1_107' title='bbox 567 2242 913 2313; x_wconf 82' lang='lat' dir='ltr'><strong>dixisset‘&#39;</strong></span> <span class='ocrx_word' id='word_1_108' title='bbox 868 2272 1057 2326; x_wconf 83' lang='grc' dir='ltr'><em>οπως</em></span> <span class='ocrx_word' id='word_1_109' title='bbox 1091 2240 1312 2343; x_wconf 76' lang='grc' dir='ltr'><strong><em>λα’βῃς</em></strong></span> <span class='ocrx_word' id='word_1_110' title='bbox 1355 2251 1586 2335; x_wconf 81' lang='grc' dir='ltr'><strong><em>πιεῖν,</em></strong></span> <span class='ocrx_word' id='word_1_111' title='bbox 1640 2245 1806 2312; x_wconf 89' lang='lat' dir='ltr'><strong>nihil</strong></span> <span class='ocrx_word' id='word_1_112' title='bbox 1851 2243 2032 2312; x_wconf 91' lang='lat' dir='ltr'><strong>aliud</strong></span> <span class='ocrx_word' id='word_1_113' title='bbox 2080 2265 2288 2333; x_wconf 86' lang='lat' dir='ltr'><strong>quam</strong></span> <span class='ocrx_word' id='word_1_114' title='bbox 2334 2245 2685 2314; x_wconf 87' lang='lat' dir='ltr'><strong>consilium</strong></span> 
     </span>
     <span class='ocr_line' id='line_1_17' title="bbox 451 2346 2685 2441; baseline 0.001 -26"><span class='ocrx_word' id='word_1_115' title='bbox 451 2346 850 2435; x_wconf 87' lang='lat' dir='ltr'><strong>indicasset,</strong></span> <span class='ocrx_word' id='word_1_116' title='bbox 922 2370 1060 2438; x_wconf 90' lang='lat' dir='ltr'><strong>quo</strong></span> <span class='ocrx_word' id='word_1_117' title='bbox 1099 2349 1213 2417; x_wconf 92' lang='lat' dir='ltr'><strong>ille</strong></span> <span class='ocrx_word' id='word_1_118' title='bbox 1256 2350 1533 2441; x_wconf 83' lang='lat' dir='ltr'><strong>emungi</strong></span> <span class='ocrx_word' id='word_1_119' title='bbox 1569 2349 1886 2436; x_wconf 80' lang='lat' dir='ltr'><strong>deberet,</strong></span> <span class='ocrx_word' id='word_1_120' title='bbox 1938 2356 2014 2415; x_wconf 87' lang='lat' dir='ltr'><strong>ut</strong></span> <span class='ocrx_word' id='word_1_121' title='bbox 2052 2348 2378 2438; x_wconf 90' lang='lat' dir='ltr'><strong>poculum</strong></span> <span class='ocrx_word' id='word_1_122' title='bbox 2407 2349 2685 2441; x_wconf 84' lang='lat' dir='ltr'><strong>accipe-</strong></span> 
     </span>
     <span class='ocr_line' id='line_1_18' title="bbox 452 2451 2686 2544; baseline 0.001 -26"><span class='ocrx_word' id='word_1_123' title='bbox 452 2460 577 2519; x_wconf 85' lang='lat' dir='ltr'><strong>ret.</strong></span> <span class='ocrx_word' id='word_1_124' title='bbox 684 2451 862 2520; x_wconf 90' lang='lat' dir='ltr'><strong>lllud</strong></span> <span class='ocrx_word' id='word_1_125' title='bbox 901 2474 1065 2520; x_wconf 85' lang='lat' dir='ltr'><strong>vero</strong></span> <span class='ocrx_word' id='word_1_126' title='bbox 1102 2453 1305 2544; x_wconf 91' lang='lat' dir='ltr'><strong>plane</strong></span> <span class='ocrx_word' id='word_1_127' title='bbox 1351 2454 1686 2521; x_wconf 87' lang='lat' dir='ltr'><strong>incertum</strong></span> <span class='ocrx_word' id='word_1_128' title='bbox 1731 2452 2257 2541; x_wconf 80' lang='lat' dir='ltr'><strong>relinqueretur,</strong></span> <span class='ocrx_word' id='word_1_129' title='bbox 2311 2472 2399 2518; x_wconf 87' lang='lat' dir='ltr'><strong>an</strong></span> <span class='ocrx_word' id='word_1_130' title='bbox 2437 2451 2686 2521; x_wconf 87' lang='lat' dir='ltr'><strong>deinde</strong></span> 
     </span>
     <span class='ocr_line' id='line_1_19' title="bbox 453 2545 2681 2651; baseline 0.003 -28"><span class='ocrx_word' id='word_1_131' title='bbox 453 2574 616 2623; x_wconf 82' lang='lat' dir='ltr'><strong>vere</strong></span> <span class='ocrx_word' id='word_1_132' title='bbox 645 2563 819 2623; x_wconf 90' lang='lat' dir='ltr'><strong>esset</strong></span> <span class='ocrx_word' id='word_1_133' title='bbox 861 2565 1279 2648; x_wconf 86' lang='lat' dir='ltr'><strong>accepturus.</strong></span> <span class='ocrx_word' id='word_1_134' title='bbox 1382 2557 1477 2625; x_wconf 90' lang='lat' dir='ltr'><strong>At</strong></span> <span class='ocrx_word' id='word_1_135' title='bbox 1513 2579 1726 2646; x_wconf 92' lang='lat' dir='ltr'><strong>quum</strong></span> <span class='ocrx_word' id='word_1_136' title='bbox 1767 2554 1933 2623; x_wconf 87' lang='lat' dir='ltr'><strong>dicit</strong></span> <span class='ocrx_word' id='word_1_137' title='bbox 1980 2550 2170 2635; x_wconf 76' lang='grc' dir='ltr'><strong><em>ὅπως</em></strong></span> <span class='ocrx_word' id='word_1_138' title='bbox 2210 2545 2432 2651; x_wconf 75' lang='grc' dir='ltr'><strong><em>λήψει</em></strong></span> <span class='ocrx_word' id='word_1_139' title='bbox 2464 2561 2681 2642; x_wconf 78' lang='grc' dir='ltr'><strong><em>πιεῖν,</em></strong></span> 
     </span>
     <span class='ocr_line' id='line_1_20' title="bbox 453 2657 1671 2753; baseline 0 -27"><span class='ocrx_word' id='word_1_140' title='bbox 453 2657 653 2727; x_wconf 86' lang='lat' dir='ltr'><strong>simul</strong></span> <span class='ocrx_word' id='word_1_141' title='bbox 679 2658 1008 2753; x_wconf 86' lang='lat' dir='ltr'><strong>significat</strong></span> <span class='ocrx_word' id='word_1_142' title='bbox 1034 2682 1183 2730; x_wconf 88' lang='lat' dir='ltr'><strong>esse</strong></span> <span class='ocrx_word' id='word_1_143' title='bbox 1207 2666 1671 2753; x_wconf 88' lang='lat' dir='ltr'><strong>accepturum.</strong></span> 
     </span>
    </p>
   </div>
   <div class='ocr_carea' id='block_1_9' title="bbox 1474 2861 1663 2931">
    <p class='ocr_par' dir='ltr' id='par_1_9' title="bbox 1474 2861 1663 2931">
     <span class='ocr_line' id='line_1_21' title="bbox 1474 2861 1663 2931; baseline 0 0"><span class='ocrx_word' id='word_1_144' title='bbox 1474 2861 1663 2931; x_wconf 88' lang='lat' dir='ltr'><strong>XIII.</strong></span> 
     </span>
    </p>
   </div>
   <div class='ocr_carea' id='block_1_10' title="bbox 712 3011 2416 3107">
    <p class='ocr_par' dir='ltr' id='par_1_10' title="bbox 712 3011 2416 3107">
     <span class='ocr_line' id='line_1_22' title="bbox 712 3011 2416 3107; baseline -0.003 -24"><span class='ocrx_word' id='word_1_145' title='bbox 712 3013 844 3084; x_wconf 87' lang='lat' dir='ltr'><strong>De</strong></span> <span class='ocrx_word' id='word_1_146' title='bbox 894 3017 1043 3089; x_wconf 81' lang='grc' dir='ltr'><strong>ἴνα</strong></span> <span class='ocrx_word' id='word_1_147' title='bbox 1095 3023 1186 3087; x_wconf 84' lang='lat' dir='ltr'><strong>et</strong></span> <span class='ocrx_word' id='word_1_148' title='bbox 1237 3012 1351 3089; x_wconf 78' lang='grc' dir='ltr'><strong>ἵν’</strong></span> <span class='ocrx_word' id='word_1_149' title='bbox 1405 3014 1510 3090; x_wconf 74' lang='grc' dir='ltr'><strong>ἂν</strong></span> <span class='ocrx_word' id='word_1_150' title='bbox 1564 3037 1760 3107; x_wconf 71' lang='lat' dir='ltr'><strong>cum</strong></span> <span class='ocrx_word' id='word_1_151' title='bbox 1815 3011 2416 3083; x_wconf 74' lang='lat' dir='ltr'><strong>coniunctivo.</strong></span> 
     </span>
    </p>
   </div>
   <div class='ocr_carea' id='block_1_11' title="bbox 388 3165 2786 4508">
    <p class='ocr_par' dir='ltr' id='par_1_11' title="bbox 388 3165 2786 4508">
     <span class='ocr_line' id='line_1_23' title="bbox 656 3165 2684 3260; baseline -0 -24"><span class='ocrx_word' id='word_1_152' title='bbox 656 3168 1032 3238; x_wconf 88' lang='lat' dir='ltr'><strong>Permirum</strong></span> <span class='ocrx_word' id='word_1_153' title='bbox 1048 3169 1116 3236; x_wconf 91' lang='lat' dir='ltr'><strong>in</strong></span> <span class='ocrx_word' id='word_1_154' title='bbox 1140 3170 1273 3237; x_wconf 89' lang='lat' dir='ltr'><strong>hac</strong></span> <span class='ocrx_word' id='word_1_155' title='bbox 1310 3170 1699 3260; x_wconf 80' lang='lat' dir='ltr'><strong>quaestione</strong></span> <span class='ocrx_word' id='word_1_156' title='bbox 1726 3166 1897 3235; x_wconf 93' lang='lat' dir='ltr'><strong>illud</strong></span> <span class='ocrx_word' id='word_1_157' title='bbox 1925 3166 2187 3253; x_wconf 86' lang='lat' dir='ltr'><strong>accidit,</strong></span> <span class='ocrx_word' id='word_1_158' title='bbox 2218 3165 2433 3256; x_wconf 88' lang='lat' dir='ltr'><strong>quod,</strong></span> <span class='ocrx_word' id='word_1_159' title='bbox 2466 3182 2684 3256; x_wconf 79' lang='lat' dir='ltr'><strong>quum&#39;</strong></span> 
     </span>
     <span class='ocr_line' id='line_1_24' title="bbox 388 3268 2710 3366; baseline -0.001 -21"><span class='ocrx_word' id='word_1_160' title='bbox 388 3354 407 3366; x_wconf 27' lang='grc' dir='ltr'><strong>ι</strong></span> <span class='ocrx_word' id='word_1_161' title='bbox 451 3268 545 3352; x_wconf 70' lang='grc' dir='ltr'><strong>ὥς</strong></span> <span class='ocrx_word' id='word_1_162' title='bbox 589 3279 656 3340; x_wconf 81' lang='lat' dir='ltr'><strong>et</strong></span> <span class='ocrx_word' id='word_1_163' title='bbox 702 3268 890 3352; x_wconf 82' lang='grc' dir='ltr'><strong><em>ὅπως</em></strong></span> <span class='ocrx_word' id='word_1_164' title='bbox 937 3281 1018 3342; x_wconf 81' lang='lat' dir='ltr'><strong>ut</strong></span> <span class='ocrx_word' id='word_1_165' title='bbox 1065 3273 1513 3365; x_wconf 85' lang='lat' dir='ltr'><strong>significantes</strong></span> <span class='ocrx_word' id='word_1_166' title='bbox 1557 3271 1945 3364; x_wconf 78' lang='lat' dir='ltr'><strong>saepissime</strong></span> <span class='ocrx_word' id='word_1_167' title='bbox 1998 3293 2154 3338; x_wconf 88' lang='lat' dir='ltr'><strong>cum</strong></span> <span class='ocrx_word' id='word_1_168' title='bbox 2203 3269 2537 3362; x_wconf 77' lang='lat' dir='ltr'><strong>particula</strong></span> <span class='ocrx_word' id='word_1_169' title='bbox 2586 3269 2710 3355; x_wconf 61' lang='lat' dir='ltr'><strong>civ]</strong></span> 
     </span>
     <span class='ocr_line' id='line_1_25' title="bbox 451 3375 2678 3470; baseline -0 -28"><span class='ocrx_word' id='word_1_170' title='bbox 451 3376 961 3468; x_wconf 85' lang='lat' dir='ltr'><strong>coniungantur,</strong></span> <span class='ocrx_word' id='word_1_171' title='bbox 1012 3399 1150 3443; x_wconf 89' lang='lat' dir='ltr'><strong>non</strong></span> <span class='ocrx_word' id='word_1_172' title='bbox 1177 3377 1255 3444; x_wconf 78' lang='lat' dir='ltr'><strong>fit</strong></span> <span class='ocrx_word' id='word_1_173' title='bbox 1278 3377 1464 3445; x_wconf 92' lang='lat' dir='ltr'><strong>idem</strong></span> <span class='ocrx_word' id='word_1_174' title='bbox 1488 3378 1556 3444; x_wconf 91' lang='lat' dir='ltr'><strong>in</strong></span> <span class='ocrx_word' id='word_1_175' title='bbox 1581 3375 1914 3470; x_wconf 84' lang='lat' dir='ltr'><strong>particula</strong></span> <span class='ocrx_word' id='word_1_176' title='bbox 1939 3380 2081 3459; x_wconf 83' lang='grc' dir='ltr'><strong><em>ἵνα,</em></strong></span> <span class='ocrx_word' id='word_1_177' title='bbox 2134 3395 2311 3463; x_wconf 89' lang='lat' dir='ltr'><strong>quae</strong></span> <span class='ocrx_word' id='word_1_178' title='bbox 2340 3382 2478 3440; x_wconf 87' lang='lat' dir='ltr'><strong>tam</strong></span> <span class='ocrx_word' id='word_1_179' title='bbox 2510 3396 2678 3441; x_wconf 91' lang='lat' dir='ltr'><strong>con-</strong></span> 
     </span>
     <span class='ocr_line' id='line_1_26' title="bbox 450 3476 2678 3570; baseline -0.001 -25"><span class='ocrx_word' id='word_1_180' title='bbox 450 3486 702 3548; x_wconf 87' lang='lat' dir='ltr'><strong>stanter</strong></span> <span class='ocrx_word' id='word_1_181' title='bbox 731 3480 872 3547; x_wconf 91' lang='lat' dir='ltr'><strong>sine</strong></span> <span class='ocrx_word' id='word_1_182' title='bbox 916 3478 1008 3549; x_wconf 77' lang='grc' dir='ltr'><strong>ἄν</strong></span> <span class='ocrx_word' id='word_1_183' title='bbox 1049 3489 1448 3570; x_wconf 89' lang='lat' dir='ltr'><strong>usurpatur,</strong></span> <span class='ocrx_word' id='word_1_184' title='bbox 1499 3487 1575 3548; x_wconf 86' lang='lat' dir='ltr'><strong>ut</strong></span> <span class='ocrx_word' id='word_1_185' title='bbox 1592 3529 1613 3564; x_wconf 89' lang='lat'><strong>,</strong></span> <span class='ocrx_word' id='word_1_186' title='bbox 1644 3478 1881 3547; x_wconf 66' lang='lat' dir='ltr'><strong>sicubi</strong></span> <span class='ocrx_word' id='word_1_187' title='bbox 1924 3476 2260 3545; x_wconf 90' lang='lat' dir='ltr'><strong>adiectum</strong></span> <span class='ocrx_word' id='word_1_188' title='bbox 2302 3477 2678 3568; x_wconf 76' lang='lat' dir='ltr'><strong>reperiatur</strong></span> 
     </span>
     <span class='ocr_line' id='line_1_27' title="bbox 450 3577 2678 3673; baseline -0.003 -21"><span class='ocrx_word' id='word_1_189' title='bbox 450 3577 572 3669; x_wconf 77' lang='grc' dir='ltr'><strong>ἄν,</strong></span> <span class='ocrx_word' id='word_1_190' title='bbox 606 3605 744 3650; x_wconf 89' lang='lat' dir='ltr'><strong>non</strong></span> <span class='ocrx_word' id='word_1_191' title='bbox 772 3583 1104 3650; x_wconf 88' lang='lat' dir='ltr'><strong>immerito</strong></span> <span class='ocrx_word' id='word_1_192' title='bbox 1133 3583 1202 3649; x_wconf 89' lang='lat' dir='ltr'><strong>in</strong></span> <span class='ocrx_word' id='word_1_193' title='bbox 1227 3584 1370 3667; x_wconf 78' lang='lat' dir='ltr'><strong>vitii</strong></span> <span class='ocrx_word' id='word_1_194' title='bbox 1398 3583 1852 3673; x_wconf 89' lang='lat' dir='ltr'><strong>suspicionem</strong></span> <span class='ocrx_word' id='word_1_195' title='bbox 1878 3581 2190 3651; x_wconf 79' lang='lat' dir='ltr'><strong>incurrat.</strong></span> <span class='ocrx_word' id='word_1_196' title='bbox 2257 3579 2678 3647; x_wconf 88' lang='lat' dir='ltr'><strong>Brunckium</strong></span> 
     </span>
     <span class='ocr_line' id='line_1_28' title="bbox 448 3679 2680 3775; baseline 0.001 -24"><span class='ocrx_word' id='word_1_197' title='bbox 448 3685 662 3775; x_wconf 89' lang='lat' dir='ltr'><strong>enim,</strong></span> <span class='ocrx_word' id='word_1_198' title='bbox 731 3686 846 3773; x_wconf 91' lang='lat' dir='ltr'><strong>qui</strong></span> <span class='ocrx_word' id='word_1_199' title='bbox 896 3685 985 3753; x_wconf 90' lang='lat' dir='ltr'><strong>ad</strong></span> <span class='ocrx_word' id='word_1_200' title='bbox 1035 3683 1213 3758; x_wconf 89' lang='lat' dir='ltr'><strong>Oed.</strong></span> <span class='ocrx_word' id='word_1_201' title='bbox 1259 3685 1411 3760; x_wconf 90' lang='lat' dir='ltr'><strong>Col.</strong></span> <span class='ocrx_word' id='word_1_202' title='bbox 1456 3685 1628 3755; x_wconf 79' lang='lat'>188.</span> <span class='ocrx_word' id='word_1_203' title='bbox 1685 3680 1783 3757; x_wconf 80' lang='grc' dir='ltr'><strong>ἵν’</strong></span> <span class='ocrx_word' id='word_1_204' title='bbox 1828 3682 1958 3767; x_wconf 81' lang='grc' dir='ltr'><strong>ἄν,</strong></span> <span class='ocrx_word' id='word_1_205' title='bbox 2014 3679 2103 3764; x_wconf 75' lang='grc' dir='ltr'><strong>αῖς</strong></span> <span class='ocrx_word' id='word_1_206' title='bbox 2142 3680 2277 3771; x_wconf 78' lang='grc' dir='ltr'><strong>ἄν,</strong></span> <span class='ocrx_word' id='word_1_207' title='bbox 2333 3680 2521 3762; x_wconf 76' lang='grc' dir='ltr'><strong><em>ὅπως</em></strong></span> <span class='ocrx_word' id='word_1_208' title='bbox 2563 3681 2680 3764; x_wconf 77' lang='grc' dir='ltr'><strong>ἄν,</strong></span> 
     </span>
     <span class='ocr_line' id='line_1_29' title="bbox 446 3785 2677 3880; baseline -0 -26"><span class='ocrx_word' id='word_1_209' title='bbox 446 3793 527 3854; x_wconf 81' lang='lat' dir='ltr'><strong>ut</strong></span> <span class='ocrx_word' id='word_1_210' title='bbox 550 3788 1025 3880; x_wconf 77' lang='lat' dir='ltr'><strong>significanteS,</strong></span> <span class='ocrx_word' id='word_1_211' title='bbox 1075 3790 1327 3880; x_wconf 91' lang='lat' dir='ltr'><strong>passim</strong></span> <span class='ocrx_word' id='word_1_212' title='bbox 1357 3791 1588 3858; x_wconf 88' lang='lat' dir='ltr'><strong>obvias</strong></span> <span class='ocrx_word' id='word_1_213' title='bbox 1622 3812 1770 3857; x_wconf 88' lang='lat' dir='ltr'><strong>esse</strong></span> <span class='ocrx_word' id='word_1_214' title='bbox 1797 3787 2047 3869; x_wconf 81' lang='lat' dir='ltr'><strong>scribit,</strong></span> <span class='ocrx_word' id='word_1_215' title='bbox 2098 3786 2448 3868; x_wconf 85' lang='lat' dir='ltr'><strong>memoria,</strong></span> <span class='ocrx_word' id='word_1_216' title='bbox 2488 3785 2677 3873; x_wconf 92' lang='lat' dir='ltr'><strong>quod</strong></span> 
     </span>
     <span class='ocr_line' id='line_1_30' title="bbox 447 3887 2673 3980; baseline -0.001 -24"><span class='ocrx_word' id='word_1_217' title='bbox 447 3889 539 3957; x_wconf 91' lang='lat' dir='ltr'><strong>ad</strong></span> <span class='ocrx_word' id='word_1_218' title='bbox 569 3887 668 3962; x_wconf 84' lang='grc' dir='ltr'><strong>ἵν’</strong></span> <span class='ocrx_word' id='word_1_219' title='bbox 720 3891 812 3965; x_wconf 76' lang='grc' dir='ltr'><strong>ἂν</strong></span> <span class='ocrx_word' id='word_1_220' title='bbox 846 3892 1115 3976; x_wconf 85' lang='lat' dir='ltr'><strong>attinet,</strong></span> <span class='ocrx_word' id='word_1_221' title='bbox 1166 3891 1425 3962; x_wconf 84' lang='lat' dir='ltr'><strong>fefellit.</strong></span> <span class='ocrx_word' id='word_1_222' title='bbox 1536 3893 1705 3979; x_wconf 80' lang='lat' dir='ltr'><strong>Quis</strong></span> <span class='ocrx_word' id='word_1_223' title='bbox 1746 3900 1973 3958; x_wconf 87' lang='lat' dir='ltr'><strong>tamen</strong></span> <span class='ocrx_word' id='word_1_224' title='bbox 2006 3913 2201 3971; x_wconf 88' lang='lat' dir='ltr'><strong>casu,</strong></span> <span class='ocrx_word' id='word_1_225' title='bbox 2255 3911 2336 3955; x_wconf 92' lang='lat' dir='ltr'><strong>ac</strong></span> <span class='ocrx_word' id='word_1_226' title='bbox 2373 3910 2508 3955; x_wconf 90' lang='lat' dir='ltr'><strong>non</strong></span> <span class='ocrx_word' id='word_1_227' title='bbox 2538 3910 2673 3980; x_wconf 87' lang='lat' dir='ltr'><strong>po-</strong></span> 
     </span>
     <span class='ocr_line' id='line_1_31' title="bbox 443 3990 2677 4087; baseline -0 -27"><span class='ocrx_word' id='word_1_228' title='bbox 443 3992 575 4061; x_wconf 86' lang='lat' dir='ltr'><strong>tius</strong></span> <span class='ocrx_word' id='word_1_229' title='bbox 614 3994 875 4062; x_wconf 90' lang='lat' dir='ltr'><strong>ratione</strong></span> <span class='ocrx_word' id='word_1_230' title='bbox 923 3994 1216 4084; x_wconf 81' lang='lat' dir='ltr'><strong>quadam</strong></span> <span class='ocrx_word' id='word_1_231' title='bbox 1259 3995 1515 4064; x_wconf 83' lang='lat' dir='ltr'><strong>factum</strong></span> <span class='ocrx_word' id='word_1_232' title='bbox 1559 3995 1858 4087; x_wconf 88' lang='lat' dir='ltr'><strong>putabit,</strong></span> <span class='ocrx_word' id='word_1_233' title='bbox 1927 4000 2002 4058; x_wconf 89' lang='lat' dir='ltr'><strong>ut</strong></span> <span class='ocrx_word' id='word_1_234' title='bbox 2045 3990 2136 4063; x_wconf 78' lang='grc' dir='ltr'><strong>ἄν</strong></span> <span class='ocrx_word' id='word_1_235' title='bbox 2190 4014 2323 4059; x_wconf 90' lang='lat' dir='ltr'><strong>non</strong></span> <span class='ocrx_word' id='word_1_236' title='bbox 2366 3990 2677 4059; x_wconf 89' lang='lat' dir='ltr'><strong>eamdem</strong></span> 
     </span>
     <span class='ocr_line' id='line_1_32' title="bbox 448 4093 2677 4187; baseline 0 -26"><span class='ocrx_word' id='word_1_237' title='bbox 448 4118 604 4163; x_wconf 91' lang='lat' dir='ltr'><strong>cum</strong></span> <span class='ocrx_word' id='word_1_238' title='bbox 632 4104 752 4169; x_wconf 77' lang='grc' dir='ltr'><strong>ἵνα</strong></span> <span class='ocrx_word' id='word_1_239' title='bbox 765 4152 791 4185; x_wconf 89' lang='lat'><strong>,</strong></span> <span class='ocrx_word' id='word_1_240' title='bbox 852 4120 1058 4187; x_wconf 90' lang='lat' dir='ltr'><strong>quam</strong></span> <span class='ocrx_word' id='word_1_241' title='bbox 1092 4120 1247 4166; x_wconf 91' lang='lat' dir='ltr'><strong>cum</strong></span> <span class='ocrx_word' id='word_1_242' title='bbox 1282 4096 1471 4181; x_wconf 81' lang='grc' dir='ltr'><em>ὅπως</em></span> <span class='ocrx_word' id='word_1_243' title='bbox 1503 4109 1572 4168; x_wconf 86' lang='lat' dir='ltr'><strong>et</strong></span> <span class='ocrx_word' id='word_1_244' title='bbox 1608 4096 1698 4179; x_wconf 72' lang='lat' dir='ltr'><strong>uic</strong></span> <span class='ocrx_word' id='word_1_245' title='bbox 1724 4097 2115 4166; x_wconf 88' lang='lat' dir='ltr'><strong>societatem</strong></span> <span class='ocrx_word' id='word_1_246' title='bbox 2139 4094 2422 4163; x_wconf 78' lang='lat' dir='ltr'><strong>inierit?</strong></span> <span class='ocrx_word' id='word_1_247' title='bbox 2466 4093 2677 4180; x_wconf 80' lang='lat' dir='ltr'><strong>Quod</strong></span> 
     </span>
     <span class='ocr_line' id='line_1_33' title="bbox 445 4199 2677 4294; baseline 0 -29"><span class='ocrx_word' id='word_1_248' title='bbox 445 4199 503 4266; x_wconf 88' lang='lat' dir='ltr'><strong>si</strong></span> <span class='ocrx_word' id='word_1_249' title='bbox 533 4222 670 4289; x_wconf 92' lang='lat' dir='ltr'><strong>qua</strong></span> <span class='ocrx_word' id='word_1_250' title='bbox 701 4209 805 4268; x_wconf 86' lang='lat' dir='ltr'><strong>est</strong></span> <span class='ocrx_word' id='word_1_251' title='bbox 836 4202 1035 4269; x_wconf 89' lang='lat' dir='ltr'><strong>huius</strong></span> <span class='ocrx_word' id='word_1_252' title='bbox 1070 4200 1171 4269; x_wconf 89' lang='lat' dir='ltr'><strong>rei</strong></span> <span class='ocrx_word' id='word_1_253' title='bbox 1218 4203 1421 4290; x_wconf 87' lang='lat' dir='ltr'><strong>ratio,</strong></span> <span class='ocrx_word' id='word_1_254' title='bbox 1463 4226 1602 4271; x_wconf 90' lang='lat' dir='ltr'><strong>non</strong></span> <span class='ocrx_word' id='word_1_255' title='bbox 1635 4210 1864 4294; x_wconf 85' lang='lat' dir='ltr'><strong>potest</strong></span> <span class='ocrx_word' id='word_1_256' title='bbox 1894 4223 1974 4268; x_wconf 88' lang='lat' dir='ltr'><strong>ea</strong></span> <span class='ocrx_word' id='word_1_257' title='bbox 1998 4221 2136 4266; x_wconf 92' lang='lat' dir='ltr'><strong>non</strong></span> <span class='ocrx_word' id='word_1_258' title='bbox 2156 4199 2225 4265; x_wconf 90' lang='lat' dir='ltr'><strong>in</strong></span> <span class='ocrx_word' id='word_1_259' title='bbox 2257 4199 2405 4290; x_wconf 91' lang='lat' dir='ltr'><strong>ipsa</strong></span> <span class='ocrx_word' id='word_1_260' title='bbox 2442 4206 2677 4265; x_wconf 85' lang='lat' dir='ltr'><strong>natura</strong></span> 
     </span>
     <span class='ocr_line' id='line_1_34' title="bbox 441 4296 2678 4399; baseline 0 -29"><span class='ocrx_word' id='word_1_261' title='bbox 441 4296 817 4393; x_wconf 83' lang='lat' dir='ltr'><strong>particulae</strong></span> <span class='ocrx_word' id='word_1_262' title='bbox 847 4312 966 4378; x_wconf 84' lang='grc' dir='ltr'><strong>ἵνα</strong></span> <span class='ocrx_word' id='word_1_263' title='bbox 995 4305 1230 4373; x_wconf 89' lang='lat' dir='ltr'><strong>inesse.</strong></span> <span class='ocrx_word' id='word_1_264' title='bbox 1314 4305 1521 4375; x_wconf 87' lang='lat' dir='ltr'><strong>Cuius</strong></span> <span class='ocrx_word' id='word_1_265' title='bbox 1550 4307 1882 4399; x_wconf 86' lang='lat' dir='ltr'><strong>originem</strong></span> <span class='ocrx_word' id='word_1_266' title='bbox 1912 4303 2134 4391; x_wconf 88' lang='lat' dir='ltr'><strong>aliqua</strong></span> <span class='ocrx_word' id='word_1_267' title='bbox 2160 4323 2244 4370; x_wconf 86' lang='lat' dir='ltr'><strong>ex</strong></span> <span class='ocrx_word' id='word_1_268' title='bbox 2273 4309 2470 4393; x_wconf 85' lang='lat' dir='ltr'><strong>parte</strong></span> <span class='ocrx_word' id='word_1_269' title='bbox 2500 4301 2678 4370; x_wconf 87' lang='lat' dir='ltr'><strong>hene</strong></span> 
     </span>
     <span class='ocr_line' id='line_1_35' title="bbox 443 4405 2786 4508; baseline -0.001 -35"><span class='ocrx_word' id='word_1_270' title='bbox 443 4407 764 4499; x_wconf 84' lang='lat' dir='ltr'><strong>explicuit</strong></span> <span class='ocrx_word' id='word_1_271' title='bbox 803 4406 1306 4502; x_wconf 84' lang='lat' dir='ltr'><strong>Hoogeveenus</strong></span> <span class='ocrx_word' id='word_1_272' title='bbox 1323 4461 1345 4498; x_wconf 89' lang='lat'><strong>,</strong></span> <span class='ocrx_word' id='word_1_273' title='bbox 1396 4433 1608 4501; x_wconf 89' lang='lat' dir='ltr'><strong>quum</strong></span> <span class='ocrx_word' id='word_1_274' title='bbox 1648 4431 1799 4479; x_wconf 82' lang='lat' dir='ltr'><strong>earn</strong></span> <span class='ocrx_word' id='word_1_275' title='bbox 1827 4406 1994 4508; x_wconf 67' lang='lat' dir='ltr'><strong>7vidit</strong></span> <span class='ocrx_word' id='word_1_276' title='bbox 2030 4405 2120 4473; x_wconf 86' lang='lat' dir='ltr'><strong>ad</strong></span> <span class='ocrx_word' id='word_1_277' title='bbox 2149 4424 2532 4497; x_wconf 88' lang='lat' dir='ltr'><strong>pronomen</strong></span> <span class='ocrx_word' id='word_1_278' title='bbox 2562 4426 2679 4472; x_wconf 87' lang='lat' dir='ltr'><strong>re·</strong></span> <span class='ocrx_word' id='word_1_279' title='bbox 2782 4451 2786 4455; x_wconf 90' lang='lat'><em>-</em></span> 
     </span>
    </p>
   </div>
   <div class='ocr_carea' id='block_1_12' title="bbox 2141 4524 2257 4592">
    <p class='ocr_par' dir='ltr' id='par_1_12' title="bbox 2141 4524 2257 4592">
     <span class='ocr_line' id='line_1_36' title="bbox 2141 4524 2257 4592; baseline -0.017 0"><span class='ocrx_word' id='word_1_280' title='bbox 2141 4524 2257 4592; x_wconf 83' lang='lat'><strong>12</strong></span> 
     </span>
    </p>
   </div>
  </div>
 </body>
</html>
