3284 5159
1211 387 1530 453 L113.1v.
1614 385 1806 451 cAP.
1858 391 1917 453 2.
2081 404 2090 415 ,
2559 396 2685 470 uo
2762 444 2766 448 ,

1532 681 1620 753 11.

1029 834 1161 906 De
1202 835 1312 915 ἄν
1357 856 1547 929 cum
1592 807 2085 928 infinitivo.

662 988 1025 1075 Infinitiyus
1070 989 1293 1066 forma
1328 996 1427 1059 est
1471 987 1784 1063 orationis
1821 988 2172 1076 obliquae,
2223 993 2299 1063 ιιι
2345 986 2459 1076 qui
2487 1010 2671 1071 sem-

455 1115 583 1185 per
615 1092 911 1183 pendeat
950 1114 1039 1167 cx
1086 1093 1313 1181 aliquo
1351 1092 1484 1160 alio
1521 1093 1764 1177 verbo,
1813 1091 1953 1158 sive
1996 1088 2161 1157 illud
2207 1089 2511 1161 additum
2552 1101 2671 1181 est,
2723 1122 2727 1129 ·

458 1198 597 1265 sive
638 1206 863 1270 mente
902 1197 1283 1288 suppletur.
1386 1195 1495 1263 Ex
1533 1216 1671 1285 quo
1705 1194 2166 1283 con-sequium,
2215 1193 2334 1261 ubi
2377 1194 2446 1263 in
2486 1204 2674 1285 recta

457 1299 757 1369 oratione
787 1297 836 1370 ἄ
842 1326 879 1367 ν
910 1321 1064 1365 cum
1108 1299 1295 1369 verbi
1332 1297 1585 1386 modis,
1620 1297 1743 1387 qui
1780 1305 2007 1371 rectae
2047 1296 2362 1367 orationis
2391 1307 2574 1384 sunt,
2624 1299 2670 1366 i.

456 1424 520 1473 e.
551 1423 706 1483 cum
740 1400 1101 1473 indicativo
1141 1410 1210 1470 et
1247 1401 1550 1493 optativo
1592 1401 2024 1484 construitur,
2083 1421 2167 1473 ea
2200 1399 2508 1475 oratione
2541 1424 2700 1493 pet·

455 1503 908 1575 infinitivum
890 1528 959 1572 ιιι
1000 1504 1344 1594 obliquam
1384 1526 1581 1575 versa
1596 1553 1618 1590 ‚
1685 1504 1888 1577 etiam
1930 1501 2252 1573 infinitivo
2292 1500 2494 1582 adiici
2536 1501 2671 1579 ἄν·
2641 1555 2670 1594 ,
2784 1576 2791 1583 ,

455 1606 571 1679 ubi
617 1615 844 1677 autem
889 1607 1281 1677 indicativus
1325 1616 1394 1675 et
1429 1606 1767 1698 optativus
1812 1622 1950 1675 nou
2001 1604 2351 1675 admittunt
2396 1602 2487 1677 ἄν
2503 1653 2524 1690 ,
2575 1605 2674 1689 ibi

455 1732 540 1777 ne
574 1710 899 1779 infinitivo
948 1709 1224 1798 quidem
1272 1709 1433 1778 addi
1490 1731 1713 1801 posse.
1816 1708 2012 1779 Haec
2054 1730 2163 1776 res
2208 1708 2300 1789 ita
2352 1708 2560 1800 plana
2602 1712 2673 1779 et

364 1893 373 1897 q
455 1821 691 1905 aperta
723 1819 860 1899 est,
911 1821 989 1881 ιιι
1024 1835 1110 1880 ne
1139 1835 1316 1904 opus
1359 1813 1634 1903 quidem
1667 1812 1749 1883 sit
1774 1811 1998 1885 omnia
2025 1810 2351 1901 exemplis
2388 1811 2670 1902 scripto·

451 1938 602 1985 rum
633 1916 905 1985 firmare
920 1964 942 2001 ‚
992 1914 1389 2006 praesertim
1437 1939 1646 2006 qumn
1689 1915 1981 1987 attulerit
2017 1915 2150 1987 iam
2184 1916 2664 2006 grammaticus

451 2019 519 2089 in
558 2018 862 2087 Rekkeri
900 2018 1162 2090 Anecd.
1206 2042 1280 2111 p.
1323 2017 1493 2086 127.
1597 2017 1744 2087 Sed
1780 2019 1881 2087 rei
1931 2016 2377 2087 declarandae
2425 2039 2667 2087 caussa

450 2119 589 2190 hoc
612 2142 964 2212 ponemus·
1072 2120 1284 2206 Quod
1314 2120 1617 2219 ἐποίησα
1650 2120 1743 2194 ἄν
1773 2121 2160 2213 simpliciter
2186 2120 2526 2193 affinnans
2557 2120 2666 2191 di-

452 2246 641 2292 ceres
665 2273 687 2313 ,
753 2246 882 2316 per
920 2224 1312 2293 infinitivum
1358 2232 1462 2292 est
1505 2221 1688 2321 φημι
1740 2252 1831 2297 αν
1880 2222 2202 2346 ποιῆσαι.
2305 2224 2422 2293 Sic
2476 2222 2666 2313 quod

450 2324 745 2401 ἐποίουν
773 2354 887 2415 αν,
926 2326 1116 2425 φημὶ
1143 2354 1234 2401 αν
1264 2332 1544 2417 ποιεῖνς
1598 2325 1783 2418 quod
1820 2320 2273 2414 ἑπεποιηκοιν
2309 2323 2440 2413 ἄν,
2478 2324 2667 2447 φημὶ

450 2428 545 2502 ἂν
583 2429 1068 2527 πεποιηκέναι.
1171 2430 1347 2499 Item
1391 2429 1580 2520 quod
1626 2431 1932 2521 optativo
1974 2428 2234 2500 diceres
2273 2421 2666 2526 ποιήσαιμι

451 2529 583 2621 ἄν,
633 2540 737 2601 est
766 2531 1069 2627 ποιῆσαι
1114 2530 1211 2605 ἄν
1257 2530 1511 2626 οἷμαις
1558 2533 1754 2624 quod
1794 2527 2085 2626 ποιοῖμ”
2130 2528 2260 2622 ἄν,
2311 2536 2547 2607 ποιεῖν
2573 2527 2667 2605 ἄν

451 2631 708 2726 οἶμαι,·
779 2635 968 2724 quod
1030 2629 1504 2729 ποποιήκοιμ
1561 2635 1691 2721 ἄν,
1770 2636 2235 2731 πεποιηκέναι
2288 2634 2380 2713 αν
2431 2630 2666 2728 οἶμαι.

447 2736 557 2805 Ex
585 2737 691 2806 his
735 2746 1053 2828 apparet,
1105 2739 1223 2807 ubi
1260 2738 1546 2807 verbum
1589 2740 1852 2808 finitum
1894 2740 2253 2807 cariturum
2298 2750 2471 2809 esset
2499 2764 2667 2831 par-

446 2840 696 2924 tienda,
751 2839 1005 2911 debere
1051 2864 1202 2913 eam
1245 2842 1446 2912 etiam
1493 2843 1564 2910 in
1616 2842 1921 2911 infinitivi
1963 2841 2356 2913 suffectione
2404 2843 2665 2917 abesse.
2733 2922 2737 2928 Ν,

445 2943 838 3036 Xenophon
875 2944 1090 3014 Mem.
1124 2945 1199 3018 S.
1234 2945 1288 3015 Ι.
1322 2945 1395 3033 3,
1427 2944 1496 3016 3.
1553 2943 1724 3019 οὔτε
1752 2970 1892 3040 γαρ
1930 2949 2085 3024 τοῖς
2118 2950 2319 3024 θεοῖς
2362 2947 2501 3043 ἔφη
2538 2975 2661 3018 κα·

446 3047 648 3127 ausc*
606 3074 815 3138 exem,
869 3051 933 3120 εἰ
961 3053 1119 3128 ταῖς
1135 3043 1484 3142 μεγάλαις
1510 3044 1802 3128 θυσίαις
1822 3044 2179 3139 μαλλον
2132 3074 2175 3143 η
2193 3052 2351 3127 ταῖς
2375 3053 2662 3144 μικραῖς

446 3149 777 3243 ἔχαιρον·
830 3142 1169 3231 πολλάκις
1198 3177 1337 3273 γαρ
1371 3179 1463 3224 αν
1500 3147 1753 3231 αὐτοῖς
1785 3178 1880 3223 τα
1909 3176 2111 3245 παρα
2154 3149 2300 3225 τῶν
2328 3151 2660 3279 πονηρῶν

444 3250 723 3344 μαλλον
780 3250 827 3348 ἢ
875 3279 971 3325 τα
1022 3279 1226 3348 παρα
1275 3282 1422 3327 των
1480 3279 1805 3381 χρηστων
1878 3247 2068 3343 εἶναι
2144 3255 2659 3376 κεχαρισμένα·

382 3404 395 3408 -
445 3349 616 3426 οὔτ
657 3381 750 3425 αν
809 3360 961 3436 τοῖς
1001 3349 1422 3449 ἀνθρώποις
1478 3355 1683 3438 ἄξιον
1734 3351 1923 3427 εἶναι
1982 3353 2144 3450 ζῆν,
2198 3382 2261 3426 ει
2311 3383 2408 3427 τα
2456 3383 2656 3452 παρα

444 3456 592 3529 τῶν
626 3458 970 3578 πονηρῶν
1019 3458 1298 3550 μαλλον
1345 3454 1434 3551 ἦν
1480 3458 1961 3553 κεχαρισμένα
2013 3462 2165 3537 τοῖς
2221 3463 2423 3537 θεοῖς
2467 3456 2515 3553 ἢ
2560 3486 2656 3530 τα

444 3585 641 3655 παρα
689 3559 833 3630 τῶν
865 3560 1212 3656 χρηστῶν.
1315 3558 1434 3628 Bis
1467 3559 1581 3628 hic
1626 3569 1812 3629 recte
1842 3560 2143 3627 iunctum
2182 3568 2286 3627 est
2313 3586 2403 3631 αν
2435 3561 2661 3629 infini—

442 3662 852 3744 tivo31ecte
896 3685 1060 3730 vero
1093 3663 1290 3731 etiam
1325 3663 1640 3731 omissum
1682 3665 1751 3731 in
1778 3663 2111 3756 principio
2143 3662 2339 3730 huius
2370 3663 2539 3748 loci,
2590 3664 2659 3731 in

443 3787 580 3854 quo
622 3773 922 3839 marum
959 3765 1074 3855 qui
1110 3762 1275 3832 addi
1315 3768 1713 3836 voluerunt:
1791 3767 2038 3855 Neque
2083 3766 2257 3837 enim
2302 3760 2465 3838 ἁλλ’
2511 3766 2660 3854 ἔχει

441 3868 666 3948 καλῶς
696 3869 1102 3961 opponitur,
1155 3867 1279 3936 sed
1320 3865 1594 3953 ἀλλ’,οὐ
1636 3866 1974 3961 χαίρουσι
2009 3867 2288 3959 μᾶλλον
2328 3872 2490 3948 ταῖς
2507 3895 2655 3961 με-

441 3963 687 4061 γάλαις
726 3969 1040 4053 θυσίαις.
1126 3970 1255 4041 'De
1286 3972 1590 4041 Elmsleii
1629 3972 2075 4057 dubitatione,
2129 3994 2214 4043 an
2242 3970 2464 4039 verbis
2497 3994 2656 4063 pu-

444 4081 612 4142 tare
650 4074 1180 4165 significantibus
1211 4076 1400 4169 iungi
1426 4089 1718 4166 nequeat
1745 4074 2100 4157 infinitivus
2141 4074 2365 4142 aoristi
2394 4074 2535 4142 sine
2563 4072 2659 4147 ἄν

441 4175 531 4242 ad
559 4176 783 4259 futura
815 4178 1155 4273 pertinens
1173 4228 1193 4265 ,
1248 4177 1383 4247 dixi
1413 4179 1501 4249 ad
1533 4180 1638 4249 Αἰ.
1676 4175 1900 4245 1⁰61.
1934 4177 2332 4267 ostendique
2357 4198 2495 4244 non
2526 4176 2651 4244 mi-

314 4355 318 4361 .
439 4301 560 4345 nus
607 4288 793 4347 recte
820 4279 894 4347 id
925 4281 1093 4368 fieri,
1154 4305 1358 4371 quam
1396 4284 1633 4372 quovis
1669 4281 1800 4348 alio
1837 4302 1991 4347 cum
2024 4282 2261 4363 verbo,
2314 4280 2473 4369 qnia
2503 4302 2562 4347 e.
2598 4302 2659 4345 c.

438 4388 681 4455 πεσεῖν
716 4392 817 4452 est
850 4386 1145 4484 cadere,
1200 4392 1444 4459 πεσεῖν
1465 4383 1557 4460 ἄν
1587 4385 1869 4455 cadere
1886 4406 2134 4476 posse,
2185 4393 2260 4452 ιιι
2287 4381 2478 4473 apud
2511 4379 2664 4451 He-
