3284 5159
647 420 769 481 192
1326 381 2198 507 nunna-{cvm‘aev

1706 707 1821 779 vl.

884 824 1056 961 ,De
1111 861 1451 932 omisso
1502 860 2389 970 AEv‘propterleiud
2439 861 2569 936 ἄν.

848 1015 1444 1100 Quemadmodum
1488 1015 1765 1105 iteratur
1802 1013 1893 1087 οἳν
1942 1015 2010 1083 ἰιι
2064 1008 2194 1084 uua
2242 1018 2601 1106 sententia,
2655 1015 2744 1084 ita
2791 1016 2863 1083 in

645 1119 944 1199 oratione
973 1120 1292 1187 membris
1325 1118 1730 1209 quibusdam
1758 1117 2064 1186 distincta
2095 1142 2235 1187 non
2264 1142 2419 1188 raro
2447 1121 2519 1188 in
2547 1141 2680 1187 uno
2709 1128 2862 1186 tan-

642 1233 788 1292 tum
814 1223 1122 1291 membro
1147 1222 1423 1315 ponitur
1437 1272 1458 1308 ,
1509 1221 1579 1289 iu
1606 1222 1819 1289 altero
1851 1230 2074 1289 autem
2108 1220 2449 1296 omittitur.
2558 1221 2766 1307 Quod
2806 1222 2863 1293 si

643 1326 907 1417 quaeris
961 1348 1097 1415 qua
1126 1326 1286 1429 lege
1319 1327 1472 1412 fiat,
1523 1346 1633 1393 res
1664 1325 1815 1418 ipsa
1851 1334 2210 1412 monstrat,
2265 1327 2361 1394 sic
2391 1325 2664 1394 demum
2693 1347 2863 1416 pos-

643 1453 738 1516 se,
792 1429 847 1497 si
892 1437 1252 1548 utrumque
1294 1428 1678 1496 membrum
1724 1426 1814 1501 ad
1866 1451 2222 1497 commune
2258 1428 2582 1518 quiddam
2624 1428 2860 1496 referri

643 1534 800 1601 licet
819 1579 840 1616 ,
890 1531 982 1601 ita
1010 1540 1118 1619 ut,
1170 1533 1226 1600 si
1254 1532 1646 1625 praemittas
1687 1528 1778 1602 ἄν
1796 1580 1819 1620 ,
1873 1531 1958 1601 ad
1990 1541 2351 1621 utrumque
2374 1533 2661 1601 verbum
2694 1554 2860 1622 per-

640 1636 868 1707 tineat.
922 1634 1063 1703 Sit
1088 1635 1284 1702 nobis
1313 1658 1446 1726 pro
1476 1634 1916 1703 fundamento
1955 1633 2152 1703 huius
2189 1635 2652 1727 disputationis
2691 1631 2856 1702 illud

525 1736 541 1759 ⁸
638 1736 1163 1830 Xenophontis·
1144 1761 1214 1806 ιιι
1246 1736 1547 1806 Hierone
1582 1736 1796 1824 212.
1831 1764 1976 1817 πως
2006 1765 2147 1833 γαρ
2180 1766 2274 1811 αν
2314 1736 2421 1818 τίς
2450 1765 2631 1810 ποτε
2663 1741 2855 1833 ἐξαρ-

640 1841 867 1914 κέσειε
897 1833 1265 1964 τύραννος
1317 1839 1365 1937 ἢ
1414 1834 1788 1961 χρήματα
1805 1839 2098 1913 ἐκτίνων
2157 1838 2369 1919 ὅσους
2425 1835 2763 1935 ἀφείλετο
2809 1837 2857 1934 ἢ

641 1936 949 2037 δεσμους
982 1936 1423 2034 άντιπάσχοι
1458 1939 1670 2024 ὅσους
1672 1935 1788 2064 δη
1816 1945 2274 2035 ἐδίσμευσεν,
2332 1941 2379 2040 ἢ
2409 1940 2620 2023 ὅσους
2653 1944 2856 2014 κατέ·

637 2073 857 2119 κτανε
894 2045 1039 2126 πῶς
1076 2074 1169 2118 αν
1201 2037 1447 2126 ἱκανοῖς
1490 2066 1724 2139 ψυχας
1757 2040 2381 2141 άντιπαράσχοιτο
2419 2041 2854 2118 α’ποθανου-

633 2151 894 2243 μένας;
925 2147 1118 2216 Prius
1151 2149 1296 2229 ποῖς
1325 2172 1417 2221 αν
1443 2148 1533 2215 ad
1566 2148 1702 2216 duo
1737 2148 2026 2217 refertur
2048 2150 2296 2235 verba,
2345 2148 2642 2238 ideoque
2667 2155 2853 2216 recte

594 2332 600 2337 ⁴
638 2261 707 2320 et
762 2250 997 2327 ordine
1035 2250 1322 2338 factum,
1388 2260 1496 2339 ut,
1564 2260 1886 2341 sequente
1942 2250 2188 2321 deinde
2231 2251 2553 2321 divisione
2568 2301 2589 2336 ‚
2639 2248 2856 2321 neutri

636 2354 727 2424 de
757 2353 1021 2423 duobus
1060 2377 1236 2445 quae
1265 2356 1574 2448 proxima
1602 2364 1757 2423 sunt
1782 2354 2025 2440 verbis,
2079 2356 2516 2446 ἐξαρκέσειεν
2551 2363 2620 2423 et
2645 2350 2853 2427 άντι-
2936 2434 2944 2439 ,

635 2451 944 2547 πάσχοι,
998 2456 1303 2526 additum
1330 2458 1447 2545 sit,
1502 2458 1623 2526 etsi
1650 2459 1872 2549 potuit
1897 2457 2061 2526 addi
2101 2459 2390 2550 utrique.
2491 2456 2635 2527 Sed
2666 2456 2854 2548 quod

636 2559 881 2629 deinde
914 2560 1215 2650 sequitur
1253 2561 1437 2649 πῶς,
1490 2562 1754 2630 inversa
1794 2562 2108 2631 orationis
2141 2562 2364 2679 forma
2395 2584 2643 2631 novam
2680 2561 2852 2633 inci-

632 2664 741 2757 pit
772 2663 1197 2750 sententiam,
1248 2686 1471 2754 neque
1516 2673 1619 2732 est
1656 2688 1816 2757 pars
1856 2688 2215 2757 praegress
2185 2689 2341 2749 sae3
2339 2665 2619 2756 itaque
2652 2665 2852 2733 etiam

634 2789 829 2836 suum
857 2766 1063 2835 sibi
1012 2795 1105 2840 αν
1137 2767 1335 2836 adiici
1362 2768 1679 2860 postulat.
1785 2769 1982 2836 Nunc
2011 2768 2357 2836 videamus
2395 2766 2544 2840 alia.
2619 2768 2700 2835 In
2728 2789 2851 2834 eo-

634 2869 794 2938 dem
836 2870 1010 2938 libro
1065 2870 1201 2957 ll,
1259 2870 1377 2938 ll.
1424 2870 1751 2962 scriptum
1797 2880 1925 2939 est·
1980 2868 2150 2951 vicu
2196 2868 2285 2944 οὐ
2333 2865 2568 2962 μόνον
2607 2856 2849 2990 φιλοΐο

633 3073 930 3172 πειρᾶν,
998 3067 1183 3147 άλλοῖ
1225 3100 1681 3198 πειρωμενον
1725 3071 1857 3146 ὕπ’
1898 3072 2140 3149 αὐτῶν
2188 3072 2583 3166 α’νέχεσθαι
2639 3073 2731 3148 ἄν
2770 3101 2850 3147 σε

633 3180 809 3251 defice
911 3175 1182 3245 Scilicet
1213 3177 1288 3245 id
1314 3186 1455 3264 est,
1511 3173 1681 3259 mcv-⁹
1709 3205 1801 3249 αν
1836 3173 1927 3249 οὐ
1956 3173 2191 3273 μόνον
2228 3184 2473 3275 φιλοῖο
2502 3171 2687 3251 dno?
2728 3176 2849 3250 καὶ

616 3336 626 3351 f
633 3279 838 3376 §0950-
940 3278 1176 3348 Altera
1219 3303 1396 3348 nova
1445 3281 1769 3349 sententia
1817 3288 1953 3367 est,
2018 3305 2268 3350 novum
2318 3282 2441 3350 sibi
2491 3310 2582 3354 αν
2627 3280 2847 3348 vindi-

634 3405 827 3470 cam,
878 3379 998 3453 καὶ
1033 3381 1265 3457 δέοι”’
1213 3412 1304 3457 αν
1331 3409 1429 3457 σε.
1534 3384 1928 3474 Sequuntur
1962 3407 2238 3476 prorsus
2281 3384 2553 3454 similia.
2609 3377 2848 3478 φόβον

635 3484 713 3558 δὲ
763 3511 893 3557 ουκ
945 3482 1036 3556 ἄν
1098 3486 1326 3575 ἔχοις,
1397 3481 1564 3560 άλλ
1615 3485 1859 3566 αλλοις
1909 3489 2253 3583 παρέχοις
2295 3481 2402 3583 μή
2443 3516 2521 3560 τι
2566 3480 2847 3583 πάθῃς·

633 3581 929 3708 §nd-mac
971 3585 1048 3661 δὲ
1083 3614 1255 3669 τους
1299 3590 1787 3681 πειθομένους
1830 3590 2020 3678 ἔχοις
2062 3587 2191 3670 οἷν,
2258 3617 2378 3663 και
2422 3588 2849 3669 ἐθελουσίως

633 3688 771 3761 σοῦ’
798 3689 1308 3810 προνοοῦντας
1351 3690 1549 3784 &ecio
1594 3688 1706 3763 ἄν.
1763 3691 1817 3762 1.
1856 3713 1915 3760 e.
1947 3686 2188 3787 φόβον
2236 3688 2306 3765 δ
2351 3692 2442 3765 οἷν
2493 3717 2621 3765 ουκ
2661 3693 2849 3781 ἔχοις

632 3785 819 3864 ἄλλα
857 3794 1217 3888 παρέχοις.
1319 3761 1638 3883 Sequitur
1675 3794 1918 3862 iterum
1956 3817 2132 3863 nova
2169 3797 2492 3864 sententia
2536 3818 2693 3863 cum
2726 3816 2848 3863 suo

631 3892 760 3978 ἄν,
813 3918 988 3984 quae
1026 3896 1094 3963 in
1122 3896 1290 3964 duas
1320 3907 1547 3989 partes
1588 3896 1837 3981 divisa,
1898 3898 2096 3966 etiam
2135 3899 2205 3965 in
2239 3899 2447 3967 altera
2474 3907 2671 3991 parte
2716 3896 2864 3965 ham

629 3994 833 4065 bet*
782 4024 915 4077 av,
967 4021 1105 4088 quo
1134 4009 1405 4093 poterat
1432 4022 1685 4081 carere.
1758 4001 1999 4069 Paullo
2035 4001 2368 4070 difficilius
2401 4002 2717 4069 iudicium
2746 4008 2847 4068 est

631 4092 720 4167 de
744 4100 1064 4192 proximis
1102 4103 1354 4172 verbis·
1409 4129 1472 4175 ει
1506 4103 1591 4176 δέ
1609 4130 1723 4184 τις
1752 4101 2078 4185 κίνδυνος
2105 4107 2253 4227 εἴη,
2308 4132 2397 4177 ου
2426 4101 2850 4196 συμμάχους

627 4194 864 4295 μόνον
912 4198 1097 4276 duo?
1147 4204 1267 4278 καὶ
1320 4199 1743 4300 προμάχους
1781 4233 1901 4277 και
1961 4214 2398 4327 προθυμους
2445 4200 2671 4305 ορῷης
2715 4203 2850 4331 jin,

628 4304 912 4379 πολλων
966 4306 1105 4400 μὲν
1160 4308 1440 4406 δωρεων
1490 4302 1951 4401 άξιουμενος,
2024 4337 2150 4383 ουκ
2209 4306 2509 4405 οἷπορων
2566 4309 2643 4383 δὲ
2700 4306 2848 4402 ὅτῳ
2902 4336 2910 4341 ·

630 4403 915 4484 τούτων
955 4404 1248 4503 ευμενεῖ
1277 4404 1760 4503 μεταδωσεις,
1813 4405 2090 4494 πάντας
2137 4412 2276 4519 μὲν
2328 4408 2850 4508 συγχαίροντας
