3284 5159
1236 398 1406 463 1¹18.
1449 399 1500 462 1.
1591 400 1789 464 CAP.
1837 406 1939 468 lo.
2608 406 2699 471 ⁵⁵

480 590 578 660 vis
642 589 1044 683 praegresso
1073 584 1484 684 ἀφίκοιντο.
1558 590 1833 683 'Eurip.
1890 590 2100 662 Inone
2156 614 2271 686 ap.
2323 591 2695 665 Stobaeum
2761 641 2771 652 ·

477 692 792 767 vam.
832 693 951 768 12
992 717 1067 788 p
1098 692 1273 765 42⁰

683 840 902 937 νόμοι
952 845 1307 940 γυναικῶν
1346 842 1432 920 οὐ
1483 846 1709 927 καλῶς
1760 847 2038 922 κἐῑνται
2089 849 2276 944 πε’.ρι

682 950 863 1047 χρῆν
913 976 1052 1047 γαρ
1105 943 1240 1023 τόν
1293 942 1743 1040 εὐτυχοῦντά
1797 977 1840 1042 γ
1923 948 2044 1024 ὅτι
2084 951 2420 1033 πλείστας
2470 953 2661 1043 ἔχειν

679 1057 1055 1146 γυναῖκας,
1108 1053 1309 1173 εἴπερ
1369 1051 1489 1125 καὶ
1548 1044 1794 1149 τροφῆ
1844 1045 2100 1145 δόμοις
2149 1055 2429 1153 παρῆν,

680 1181 773 1235 ως
822 1148 958 1251 τήν
1007 1147 1229 1251 κακῆν
1278 1155 1417 1250 μὲν
1468 1154 1794 1248 ἐξέβαλλε
1847 1150 2241 1247 δωμάτων,

677 1284 812 1345 την
865 1253 936 1330 δ’
990 1252 1216 1331 οὖσαν
1268 1249 1536 1354 ἐσθλην
1589 1254 1807 1353 ηδέως
1857 1249 2177 1345 ἐσώζετο

473 1409 611 1499 Ita,
663 1410 785 1482 nisi
834 1410 1072 1497 fallor,
1124 1408 1589 1479 scribendum.
1639 1433 1801 1479 nam
1842 1411 2021 1479 male
2069 1412 2281 1504 vulgo
2324 1412 2525 1506 εἴπερ
2577 1411 2689 1486 ἄν.

475 1511 624 1583 Sed
653 1513 816 1581 boni
840 1513 994 1582 libri
1024 1511 1116 1585 ἄν
1142 1513 1479 1586 omittunt.
1546 1512 1879 1582 Heathius
1909 1512 2230 1607 ἑξέβαλλ’
2263 1542 2356 1588 αν
2387 1514 2691 1584 scriben-

473 1616 638 1685 dum
677 1617 1000 1708 putabat,
1052 1616 1243 1706 quod
1283 1617 1656 1709 vituperat,
1705 1617 1852 1685 iure
1896 1616 2213 1707 quidem,
2269 1611 2405 1686 sed
2444 1640 2690 1709 parum

473 1720 893 1812 exploratam
960 1719 1221 1789 habens
1285 1719 1482 1788 huius
1538 1720 1638 1788 rei
1703 1719 2031 1789 rationem
2091 1720 2573 1791 Valckenarius
2621 1722 2691 1790 in

469 1822 684 1895 Diatr.
734 1822 821 1891 de
865 1823 948 1891 fr.
978 1822 1146 1897 Eur.
1191 1847 1265 1915 p.
1323 1820 1497 1896 176.
1547 1820 1738 1912 quod
1785 1823 1985 1891 etiam
2034 1822 2382 1893 Brunckio
2424 1824 2692 1908 accidit,

473 1949 677 2016 quem
699 1926 864 1995 'vide
890 1925 978 1994 de
1015 1926 1148 1994 hac
1190 1926 1683 1994 constructione
1712 1925 1802 1994 ad
1842 1925 2086 1997 Aesch.
2114 1927 2345 1999 Prom.
2382 1921 2557 2000 155.
2599 1927 2689 1995 ad

469 2029 708 2120 Eurip.
740 2030 916 2102 Hec.
971 2028 1144 2101 214.
1193 2028 1284 2097 ad
1323 2028 1558 2122 Apoll.
1594 2026 1827 2102 Rhod.
1873 2028 1929 2104 Ι.
1966 2023 2141 2103 281.
2243 2028 2561 2121 Explieui
2597 2029 2690 2099 ad

471 2133 702 2225 Viger.
737 2155 812 2223 p.
843 2131 1017 2205 791.
1046 2141 1116 2201 et
1138 2129 1316 2205 851.

477 2249 497 2270 ‘
670 2235 831 2303 Noli
868 2257 1035 2304 vero
1067 2245 1312 2326 putare
1329 2286 1349 2323 ,
1400 2256 1539 2304 ιιοιι
1584 2231 1790 2302 licere
1830 2233 2102 2303 omnino
2143 2233 2214 2302 in
2252 2232 2391 2303 hoc
2431 2256 2685 2327 genere

466 2338 791 2427 loquendi
826 2338 1170 2431 particulis
1201 2338 1509 2407 finalibus
1553 2336 1806 2406 addere
1838 2335 1949 2409 ἄν.
2052 2336 2272 2406 Ιιιιιιιο
2316 2339 2685 2407 necessaria

468 2440 828 2531 aliquando
876 2442 1014 2510 eius
1057 2440 1346 2510 adiectio
1390 2450 1513 2514 est.
1615 2440 1794 2510 Nam
1835 2439 1953 2511 ubi
1991 2462 2129 2508 ιιοιι
2145 2490 2165 2527 ,
2219 2440 2384 2531 quid
2429 2441 2683 2532 fuisset,

466 2543 588 2613 sed
629 2544 794 2634 quid
833 2544 1163 2637 potuisset
1209 2545 1358 2614 fieri
1405 2542 1705 2612 indicare
1748 2544 2090 2629 νοΙιιιιιιιε,
2153 2545 2527 2613 necessaria
2584 2554 2687 2614 est

463 2648 817 2740 particula.
870 2647 1361 2717 Demosthenes
1392 2646 1482 2715 de
1507 2647 1679 2715 falso
1703 2655 1852 2720 test.
1882 2646 1975 2714 ad
2001 2646 2384 2774 Aphobum
2400 2670 2474 2738 p.
2504 2646 2682 2732 849,

467 2749 590 2823 14.
619 2750 910 2845 πρῶτον
939 2750 1077 2843 μὲν
1104 2777 1242 2846 γαρ
1275 2753 1476 2847 εἴπερ
1509 2776 1598 2829 ως
1626 2745 1915 2871 άληθῶς
1946 2749 2186 2822 ταῦτα
2213 2743 2321 2845 μή
2349 2743 2679 2845 ἐμαρτύ-

465 2879 681 2951 ρησεν
696 2907 721 2945 ,
778 2850 908 2927 οὐκ
938 2880 1030 2926 αν
1059 2853 1190 2927 νῦν
1217 2855 1506 2949 ἔξαρνος
1522 2847 1676 2979 fiat,
1729 2846 1914 2923 cino?
1942 2845 2112 2925 τότ’
2143 2846 2365 2932 εὐθυς
2394 2852 2509 2925 ἐπι
2542 2852 2681 2925 τοῦ

467 2955 973 3053 δικαστηρίου,
1040 2955 1167 3077 τῆς
1210 2952 1619 3074 μαρτυρίας
1675 2951 2414 3052 ἀναγιγνωσκομένης,
2468 2951 2676 3043 ἡνίκα

462 3059 781 3151 μᾶλλον·
796 3086 903 3130 αν
954 3053 1182 3131 αὐτον
1239 3057 1295 3155 ἤ
1352 3058 1480 3131 νῦν
1534 3052 1885 3152 ωφέλει.
2002 3056 2137 3126 Hie
2203 3084 2294 3129 αν
2358 3057 2676 3148 positum,

462 3161 580 3229 ubi
621 3160 713 3230 ad
753 3162 1050 3254 primum
1090 3161 1498 3254 adspectum
1539 3162 1778 3230 abesse
1823 3160 2138 3233 debebat.
2242 3160 2464 3228 Recte
2512 3181 2677 3229 vero

461 3264 722 3357 posuit:
795 3263 918 3333 uba·
979 3265 1045 3335 ei
1102 3265 1282 3359 plus
1352 3286 1574 3357 quam
1635 3286 1829 3334 nunc
1887 3264 2255 3358 prodesse
2295 3262 2672 3356 potuisset.

468 3366 736 3438 Omissa
763 3367 1096 3460 particula
1109 3421 1129 3458 ‚
1182 3390 1411 3437 sensus
1452 3368 1668 3453 foret,
1718 3366 1841 3436 aba·
1859 3367 2038 3461 plus
2052 3365 2482 3461 prqfiu‘sset.

668 3470 865 3555 Quae
915 3471 1405 3563 particularum
1436 3471 1761 3554 finalium,
1812 3470 2055 3539 eadem
2103 3470 2305 3539 etiam
2340 3469 2672 3538 conditio-

461 3572 711 3644 nalium
736 3574 904 3643 ratio
937 3582 1057 3648 est.
1159 3576 1339 3645 Nam
1368 3595 1505 3643 non
1533 3574 1723 3643 aliter
1745 3574 1822 3643 iis
1849 3573 2118 3643 additur
2144 3572 2238 3647 ἄν
2251 3622 2274 3662 ,
2327 3593 2530 3662 quam
2555 3573 2673 3640 ubi

458 3679 905 3747 necessarium
934 3685 1057 3753 est.
1125 3676 1254 3746 Est
1275 3684 1507 3770 ‚autem
1532 3678 1981 3747 necessarium
1995 3665 2219 3745 ⁸tribus
2247 3676 2670 3768 potissimum

458 3779 698 3854 modis.
800 3781 1032 3853 Primo
1063 3780 1184 3850 ubi
1212 3801 1349 3851 ιιοιι
1387 3780 1777 3873 simpliciter
1815 3780 2179 3849 dicendum
2212 3787 2316 3848 est
2363 3778 2430 3848 si
2455 3787 2666 3865 esset,

460 3883 549 3952 de
576 3906 661 3952 eo
680 3931 702 3969 ‚
751 3883 941 3974 quod
968 3905 1104 3953 ιιοιι
1128 3892 1264 3968 est3
1316 3883 1437 3954 sed
1470 3884 1537 3952 εἰ
1552 3893 1811 3979 posset
1839 3906 2030 3971 esse,
2084 3883 2171 3952 de
2203 3903 2287 3951 eo
2316 3880 2503 3970 quod
2530 3903 2667 3949 non

456 3985 668 4055 modo
698 4008 836 4056 ιιοιι
872 3996 1005 4072 est,
1060 3986 1183 4058 sed
1218 4010 1303 4056 ne
1341 3995 1574 4080 potest
1604 3986 1882 4077 quidem
1917 4010 2086 4060 esse.
2191 3983 2283 4054 Vt
2311 3983 2502 4077 apud
2530 3985 2666 4053 De-

456 4088 944 4160 mosthenem
924 4113 994 4158 ιιι
1024 4090 1272 4211 Steph.
1304 4089 1393 4159 de
1423 4090 1772 4160 trierarch.
1798 4112 1875 4182 p.
1915 4088 2139 4171 1229,
2180 4086 2302 4162 22.
2356 4090 2469 4162 ἔτι
2496 4086 2661 4160 τοί-
2746 4085 2756 4095 ’

458 4219 590 4266 νυν
624 4186 1020 4317 ὕπηρεσιαν
1072 4188 1208 4289 τῆν
1251 4189 1642 4290 κρατίστην
1686 4194 1995 4288 ἔλαβον,
2048 4191 2288 4286 πολλῷ
2324 4195 2663 4265 πλεῖστον

459 4287 813 4419 αργῦριον
847 4289 1033 4376 δούς.
1085 4294 1297 4371 οὗτοι
1327 4291 1400 4368 δ’
1432 4298 1515 4369 εἰ
1537 4291 1675 4389 μὲν
1712 4292 1970 4387 εἶχον
1996 4290 2268 4392 χείρον’
2297 4319 2404 4367 αν
2433 4290 2656 4390 ἤμων,

461 4392 671 4472 οὐδὲν
704 4425 797 4471 αν
823 4393 912 4495 ἦν
952 4391 1211 4473 δεινόν.
1260 4397 1391 4473 νῦν
1422 4393 1495 4471 δ’
1528 4393 1689 4474 οὐδ’
1721 4394 2237 4474 ὁποιαντινοῦν
2282 4422 2394 4469 πω
2429 4395 2678 4488 μεμί-
