3284 5159
1296 434 1468 495 LIB.
1521 434 1598 498 Π.
1687 434 1875 496 cAP.
1918 440 1981 501 4.
2641 438 2730 501 8⁰

512 635 648 693 net.
748 625 906 693 Non
937 623 1111 718 enim
1137 624 1233 693 illi
1269 624 1680 715 deliberant,
1731 623 1852 693 sed
1878 648 2025 696 nos,
2126 621 2365 694 Omnis
2394 625 2569 694 enim
2601 626 2724 695 de·-
2757 633 2762 638 '

514 728 819 796 liberatio
859 750 942 795 eo
967 726 1209 816 tendit,
1267 736 1349 796 ιιι
1372 729 1426 796 is
1461 729 1644 819 ipse,
1696 729 1812 817 qui
1838 728 2198 812 deliberat,
2253 729 2478 818 capiat
2502 730 2723 797 consi-

515 832 696 898 lium.
801 830 939 916 Qui
979 830 1036 899 si
1086 832 1249 898 alios
1281 829 1418 898 hoc
1447 832 1692 918 verbo,
1744 853 1880 921 quo
1926 854 2073 899 sese
2110 830 2484 899 deliberare
2514 832 2724 924 signi-

513 935 693 1021 ficat,
745 933 1125 1024 alloquitur,
1171 941 1429 1001 tantum
1462 935 1654 1002 abest
1673 942 1750 1001 ut
1788 956 1903 1002 eos
1942 933 2031 1000 ad
2058 933 2442 1001 faciendum
2474 934 2724 1003 exhor-

513 1045 691 1104 tetur
705 1087 726 1123 ,
776 1045 852 1104 ιιι
880 1037 1176 1104 nondum
1205 1060 1292 1104 an
1323 1059 1440 1105 eos
1478 1036 1812 1105 exhortari
1848 1035 2096 1104 debeat
2126 1038 2250 1105 sibi
2284 1047 2588 1105 constare
2601 1038 2722 1104 ‚in-

517 1139 714 1210 dicet.
780 1138 924 1206 Fae
953 1141 1128 1207 enim
1155 1141 1480 1228 aliquem,
1533 1139 1650 1229 qui
1675 1139 1838 1207 alios
1865 1138 1966 1207 ire
1991 1139 2170 1227 velit,
2224 1139 2450 1208 dicere
2485 1142 2687 1212 ἴωσιν
2704 1164 2719 1179 ·

517 1242 680 1331 quid
712 1241 891 1309 dicet
932 1241 1149 1330 aliud,
1201 1266 1444 1331 quam,
1496 1264 1640 1334 ego
1686 1240 2010 1310 delibero
2056 1265 2155 1310 an
2200 1242 2367 1312 illos
2409 1243 2721 1325 mittam,

516 1345 556 1412 i.
593 1368 650 1412 e.
695 1344 998 1437 πέμψιος
1046 1346 1142 1413 Αι
1177 1368 1338 1413 num
1378 1347 1471 1413 ita
1512 1344 1639 1411 hos
1673 1343 1930 1413 iusserit
1969 1345 2066 1412 ire
2087 1344 2122 1412 Ρ
2172 1343 2475 1413 Minime.
2580 1345 2724 1414 Sed

517 1447 605 1515 de
637 1470 708 1514 se
750 1447 900 1537 ipso
942 1448 996 1514 si
1039 1446 1198 1514 dicit
1234 1450 1358 1532 ἴω,
1411 1456 1526 1515 aut
1571 1446 1663 1515 de
1700 1448 1817 1533 iis,
1869 1469 2156 1537 quorum
2192 1448 2337 1538 ipse
2384 1470 2552 1515 unus
2601 1458 2723 1529 est,

499 1552 740 1641 ’ἴωμεν
761 1544 789 1633 ,’
833 1558 1019 1617 recte
1051 1550 1233 1618 dicet
1272 1550 1476 1636 illud,
1529 1550 1688 1637 quia
1718 1550 1784 1617 in
1826 1549 2031 1640 ipsius
2059 1549 2400 1618 voluntate
2428 1553 2724 1642 positum

517 1661 655 1741 est,
709 1653 984 1741 exsequi
1014 1652 1119 1738 id,
1173 1652 1262 1721 de
1293 1675 1430 1742 quo
1467 1652 1813 1721 deliberat.
1914 1654 2156 1743 anue
2197 1676 2273 1720 re
2309 1652 2564 1721 factum
2604 1663 2723 1735 est,

514 1763 590 1822 ut
621 1755 1077 1824 coniunctivus
1105 1755 1218 1823 ille
1251 1755 1759 1841 deliberativas,
1809 1756 1927 1823 ubi
1950 1756 2208 1847 primae
2239 1777 2572 1848 personae
2601 1766 2722 1842 est,

513 1858 606 1925 ita
655 1858 961 1949 usurpari
1013 1860 1263 1950 possit,
1342 1866 1418 1928 ut
1442 1859 1596 1950 ‚vim
1654 1858 1909 1926 habere
1962 1858 2268 1927 videatur
2308 1857 2723 1946 exhortandi,

516 1982 720 2049 quam
747 1983 985 2028 revera
1026 1984 1163 2029 non
1192 1962 1405 2029 inesse
1431 1961 1500 2028 in
1528 1983 1649 2045 eo,
1699 1960 1826 2029 sed
1860 1963 2142 2053 proprie
2186 1960 2349 2028 nihil
2379 1962 2502 2028 nisi
2547 1961 2721 2029 deli-

514 2063 926 2131 berationem
966 2065 1287 2132 contineri
1301 2112 1322 2149 ,
1385 2064 1553 2132 illud
1605 2063 1922 2151 ostendit,
1977 2062 2165 2154 quod
2208 2086 2414 2154 saepe
2470 2063 2718 2131 cohor-

512 2164 698 2234 tandi
744 2167 1027 2234 verbum
1078 2166 1415 2235 adiicitur:
1477 2175 1553 2234 ιιι
1607 2162 1779 2263 φέρ’
1826 2168 1952 2239 ἴδω
1969 2218 1989 2251 ,
2040 2174 2109 2234 et
2163 2166 2291 2234 alia
2335 2166 2721 2236 huiusmodi

512 2269 803 2361 plurima
836 2268 1021 2363 apud
1037 2269 1558 2362 Aristophanem
1574 2267 1896 2359 aliosque.
1926 2268 2306 2338 Homerus:
2355 2354 2366 2362 Δ
2683 2311 2688 2318 ·

618 2435 780 2515 ἀλλ’
816 2438 947 2534 ἄγε
981 2433 1071 2536 δή
1097 2433 1199 2513 τοὶ
1227 2435 1554 2537 χρήματ’
1584 2434 1975 2538 ἀριθμήσω
2010 2440 2133 2513 καὶ
2162 2442 2447 2533 ἴδωμαι.

616 2538 787 2620 ἀλλ’,
805 2540 936 2637 ἄγε
964 2535 1054 2640 δὴ
1083 2544 1402 2638 στέωμεν
1432 2541 1552 2618 καὶ
1578 2539 2050 2637 ἀλεξώμεσθα
2077 2544 2463 2638 μένοντες.’

512 2712 596 2782 ld
637 2737 805 2807 ergo
849 2715 1168 2783 omissum
1207 2714 1433 2806 potius
1471 2714 1884 2783 censendum
1924 2722 2059 2803 est,
2110 2713 2229 2783 ubi
2257 2714 2435 2782 solus
2464 2715 2722 2805 positus

514 2825 617 2886 est
648 2818 1120 2904 conjunctivus,
1173 2839 1377 2908 quam
1399 2817 1512 2885 hic
1538 2817 1874 2910 putandus
1900 2840 2137 2888 revera
2164 2815 2557 2885 exhortandi
2585 2840 2722 2908 po·-

513 2929 825 2989 testatem
886 2920 1161 2989 habere.
1264 2921 1486 2990 Rarus
1533 2919 1648 2988 hie
1689 2922 1762 2987 in
1798 2921 2145 3014 singularis
2188 2920 2448 2987 numeri
2501 2921 2723 3011 prima

515 3047 806 3115 persona
840 3024 1291 3092 coniunctiVus
1323 3034 1459 3112 est,
1511 3041 1648 3092 non
1683 3021 1913 3093 addito
1948 3024 2125 3121 φέρε
2167 3029 2283 3092 aut
2324 3019 2472 3117 ἄγε.
2572 3022 2722 3091 Eu-

513 3127 762 3219 ripides
793 3127 1067 3199 Heracl.
1092 3122 1270 3220 5158.

618 3295 862 3391 σαφαῖς
890 3290 1227 3377 κελεύεις·
1276 3289 1387 3394 μῆ
1418 3296 1670 3394 τρέσῃς
1702 3290 2120 3390 μιάσματος

616 3395 907 3492 τούμοῦ
929 3403 1364 3492 μετασχεῖν,
1419 3396 1581 3473 ἀλλ’
1608 3402 2001 3496 ἐλευθέρως
2025 3392 2257 3472 θάνω.

513 3569 606 3638 Vt
645 3591 782 3637 non
825 3593 972 3639 esse
1015 3570 1355 3659 videatur,
1412 3591 1622 3660 quare
1670 3570 2011 3666 παρέλθω
2056 3562 2326 3662 δόμους
2366 3569 2435 3637 ln
2469 3567 2725 3639 Medea

514 3695 579 3742 v.
617 3668 839 3741 1275.
891 3696 1048 3742 cum
1089 3674 1415 3743 Elmsleio
1433 3722 1454 3758 ,
1507 3673 1616 3741 eui
1653 3673 1708 3742 is
1742 3681 1842 3741 est
1884 3696 1948 3743 v,
1991 3672 2214 3741 1242.
2249 3673 2726 3765 interrogative

516 3774 767 3870 dietum
793 3785 1086 3868 putetur.
1158 3778 1429 3846 'Rarius
1477 3777 1712 3863 etiam,
1761 3775 1993 3845 addito
2025 3775 2300 3868 quidem
2324 3775 2501 3870 φέρε
2513 3830 2542 3864 ,
2595 3775 2727 3842 alia

510 3901 803 3970 persona
852 3880 923 3946 in
975 3881 1239 3972 primae
1289 3881 1519 3950 locum
1574 3879 2019 3968 substituitur,
2093 3887 2170 3947 ιιι
2217 3879 2292 3946 in
2345 3876 2726 3947 Philocteta

513 4003 576 4050 v.
610 3979 785 4050 3⁰⁰.

616 4145 831 4248 φέρ’,
885 4146 946 4223 ὦ
975 4154 1228 4230 τέκνον
1249 4201 1270 4237 ,
1323 4150 1456 4230 νῦν
1489 4151 1610 4226 καὶ
1641 4147 1737 4228 τό
1770 4151 1897 4251 τῆς
1924 4144 2147 4250 νήσου
2178 4145 2447 4247 μα’θῃς.

515 4309 939 4393 Οοηθοιοῐίέ
960 4333 1064 4392 est
1082 4316 1291 4417 μα’θε
1327 4323 1396 4392 in
1425 4325 1578 4394 cod.
1607 4323 1780 4392 Ven.
1883 4322 2131 4392 Sensus
2157 4329 2258 4390 est
2283 4321 2495 4409 enim,
2549 4323 2725 4419 φέρε

515 4426 691 4498 εἴπω
725 4424 860 4499 νῦν
890 4419 992 4500 ταὶ
1035 4425 1164 4522 τῆς
1207 4420 1452 4522 νήσου.
1562 4426 1923 4497 Caeterum
1959 4433 2156 4517 patet
2194 4423 2308 4494 hie
2327 4448 2503 4494 usus
2555 4448 2724 4496 con-
