3284 5159
521 398 650 461 loo
1193 397 1310 459 DE
1381 396 1922 459 PARTICVLA
1975 391 2065 461 ἂν

518 587 623 655 Ac
659 578 886 653 nescio
912 609 999 653 an
1028 586 1271 655 eodem
1304 586 1738 656 referendum
1772 588 1887 671 sit,
1940 587 2127 679 quod
2157 589 2226 656 in
2263 586 2531 659 Eccles.
2575 588 2742 663 218.

520 699 590 758 et
619 689 771 757 libri
798 697 866 756 et
901 689 1144 758 Suidas
1177 715 1240 759 v.
1278 691 1592 788 χρησταῖς
1621 691 1715 759 sic
1744 693 2066 783 scriptum
2100 692 2452 763 exhibent.

1595 871 1636 939 η
1695 839 1766 916 δ
1817 840 2243 969 Ἀθηναίων
2294 841 2500 928 πόλις
2631 860 2636 863 ⁴

623 949 691 1019 εἰ
738 945 963 1020 τοῦτο
1015 972 1334 1067 χρηστως
1387 942 1615 1036 εἶχεν,
1672 941 1803 1020 οὐκ
1856 946 1948 1019 ἂν
2000 942 2347 1038 ἔσωζε-το,
2413 1047 2422 1053 .

622 1053 692 1122 εἰ
737 1043 842 1145 μή
893 1077 971 1122 τι
1022 1077 1275 1122 καινον
1330 1047 1506 1122 ἄλλο
1560 1044 2158 1146 περιειργάζετος

495 1202 876 1271 'Elmsleius
924 1202 995 1270 in
1040 1173 1367 1271 addendis
1413 1201 1504 1269 ad
1564 1201 1862 1270 Acharn.
1934 1201 2107 1275 12⁸¹.
2170 1205 2566 1273 coniiciebat
2614 1202 2744 1278 mix

519 1299 807 1391 §⁶055ss
832 1302 943 1377 ἄν.
1047 1304 1132 1374 Id
1163 1306 1441 1397 quidem
1479 1307 1696 1374 minus
1722 1307 1940 1392 metri,
1992 1329 2196 1396 quam
2235 1331 2464 1376 sensus
2508 1330 2745 1376 caussa
2876 1304 2890 1319 “

518 1418 848 1500 praestat:
907 1430 1045 1476 non
1098 1412 1276 1478 enim
1318 1432 1490 1478 num
1526 1409 1842 1502 perdita
1898 1418 2085 1481 esset
2102 1461 2123 1497 ‚
2192 1412 2313 1481 sed
2372 1434 2545 1481 num
2600 1433 2744 1481 non

519 1521 710 1608 esset
740 1512 958 1583 salva
989 1511 1166 1581 dicit.
1274 1511 1420 1583 Sed
1446 1512 1518 1579 id
1551 1513 1708 1583 vide
1740 1537 1828 1583 an
1859 1515 1955 1582 sic
1986 1515 2261 1599 dixerit,

624 1669 694 1740 εἰ
741 1664 966 1738 τοῦτο
1019 1664 1339 1761 χρηστοῖς
1384 1660 1525 1757 εἶχ’
1576 1664 1671 1740 ἄν
1722 1661 1855 1739 min
1907 1661 2229 1754 ἐσώζετο.

522 1820 709 1912 quod
736 1835 873 1902 est,
925 1817 1153 1890 τοῦτο
1182 1813 1275 1890 οἳν
1311 1817 1633 1913 χρησταῖς
1661 1818 1929 1908 ἔχουσα
1958 1815 2090 1893 οὐκ
2118 1813 2459 1907 ἐσώζετο,
2446 1847 2462 1866 ·
2501 1820 2743 1911 quue

518 1924 727 1994 modo
788 1920 1064 1992 defendi
1108 1929 1377 2014 posset,
1443 1921 1634 2011 quod
1690 1921 2047 2014 legebatur
2089 1924 2275 2017 apud
2318 1924 2744 1992 Andocidem

520 2027 757 2124 p..77
811 2024 1020 2119 (15⁰.
1076 2020 1147 2119 δ.
1193 2021 1265 2092 6.
1303 2022 1565 2115 Bekk.)
1618 2020 1719 2096 ὧν
1767 2031 2013 2115 ἕνεκα,
2070 2055 2125 2099 ω
2148 2022 2615 2153 ;Αθηναῖοι,
2680 2030 2749 2098 εἰ

523 2129 997 2229 ἀνθρωπίνως
1014 2126 1178 2224 περὶ
1213 2125 1400 2216 ἐμοῦ
1434 2151 1947 2220 γιγνωσκοντες
1978 2156 2069 2202 αν
2100 2131 2291 2226 εἴητε
2329 2128 2581 2224 ἄνδρες
2612 2126 2742 2201 εὕ-

523 2234 1134 2329 γνωμονέστεροι,
1185 2230 1311 2298 nisi
1344 2230 1439 2297 ibi
1476 2252 1656 2298 nunc
1687 2253 1772 2299 ex
1803 2232 2017 2300 tribus
2051 2232 2252 2300 codd.
2282 2255 2568 2323 quorum
2606 2255 2741 2299 uno

523 2338 618 2408 ad
659 2358 815 2407 eum
855 2337 1063 2404 finem
1099 2333 1234 2400 iam
1280 2331 1736 2402 Schneiderus
1784 2357 1942 2402 usus
1983 2343 2127 2404 erat
2167 2334 2258 2404 ad
2293 2334 2615 2429 Xenoph.
2657 2334 2743 2404 de

524 2440 855 2532 Vectigal.
887 2435 962 2520 6,
994 2436 1064 2504 2.
1100 2435 1355 2504 editum
1385 2445 1561 2505 esset
1590 2439 1781 2534 εἴητε
1808 2435 1920 2510 ἄν

731 2542 928 2627 Quae
974 2538 1063 2608 de
1097 2539 1396 2631 simplice
1431 2537 1523 2612 ἄν
1551 2538 1871 2623 diximus,
1924 2540 2177 2610 cadunt
2207 2542 2411 2609 etiam
2438 2541 2508 2608 in
2543 2541 2746 2609 itera-

524 2658 693 2719 tum.
799 2646 1036 2734 Itaque
1064 2640 1503 2712 vehementer
1538 2643 1782 2711 erravit
1808 2644 2157 2713 Werferus
2193 2644 2348 2719 Act.
2378 2643 2659 2717 Monac.
2689 2644 2743 2717 1.

527 2776 601 2844 Ρ.
638 2746 810 2817 252.
848 2769 1059 2841 quum
1090 2745 1259 2815 illud
1290 2746 1604 2815 Isocratis
1639 2769 1712 2839 Ρ.
1758 2742 1831 2814 5.
1871 2748 1959 2821 D.
2028 2770 2167 2838 quo
2211 2771 2416 2840 supra
2473 2748 2577 2816 usi
2630 2770 2744 2816 su-

526 2878 700 2940 muS,
752 2850 802 2923 οἳ
847 2856 1000 2931 τοῖς
1033 2848 1272 2930 ἄλλοις
1309 2848 1402 2921 ἂν
1440 2874 1897 2974 πραττουσιν
1943 2845 2363 2947 ἐπιτιμῴης,
2417 2850 2514 2918 sic
2546 2850 2747 2918 scribi

526 2956 779 3028 voluit.
843 2954 894 3027 ὁὶ
949 2959 1104 3034 τοῖς
1165 2950 1441 3041 ἄλλοις,
1477 2949 1589 3024 ἄν
1646 2945 2174 3047 πράττουσιν,
2198 2981 2291 3026 αν
2333 2946 2743 3049 ἑπιτιμωῃς.

527 3062 766 3132 Paullo
794 3054 1072 3147 meliuS,
1125 3064 1309 3125 certe
1344 3077 1483 3124 non
1515 3055 1602 3122 ab
1649 3054 1922 3148 linguae
1946 3056 2202 3124 ratione
2234 3056 2523 3125 alienum
2554 3065 2748 3144 esset,

533 3163 584 3237 ὁὶ
631 3169 783 3241 τοῖς
821 3159 1061 3240 ἄλλοις
1104 3156 1238 3247 ἄν,
1291 3152 1744 3252 πράττουσιν
1792 3157 1922 3245 ἄν,
1968 3153 2377 3258 ἐπιτιμῴης.
2481 3159 2627 3229 Sed
2675 3159 2750 3226 id

532 3267 967 3360 significare&
1022 3281 1210 3357 quae
1251 3261 1604 3346 macria,
1651 3261 1717 3331 εἰ
1739 3259 2048 3353 facturi
2084 3262 2232 3332 sint
2251 3315 2273 3352 ,
2324 3261 2745 3356 exprobres.

529 3372 728 3440 Nunc
762 3376 986 3436 autem
1015 3366 1070 3433 si
1102 3364 1358 3456 duplex
1388 3362 1479 3436 ἄν
1506 3364 1902 3456 ponendum
1936 3375 2073 3448 est,
2125 3366 2493 3435 cohaerent
2518 3365 2569 3438 ὁὶ
2597 3371 2751 3446 τοῖς

534 3472 777 3553 ἄλλοις
816 3468 906 3542 ἄν
937 3461 1422 3562 πράττουσινε
1460 3466 1688 3557 itaque
1719 3469 1909 3559 quod
1938 3468 2271 3557 reliquum
2307 3479 2450 3590 est,
2503 3473 2788 3550 ε’πιτι-,

532 3569 765 3669 μῴης.
816 3595 952 3641 ιιοιι
981 3578 1213 3664 potest
1242 3568 1454 3637 dici
1405 3598 1496 3642 αν
1524 3565 1919 3670 ἑπιτιμῶης
1932 3626 1959 3660 ,
2003 3572 2161 3660 quia
2186 3571 2278 3646 ἄν
2305 3573 2376 3640 ἰιι
2412 3571 2750 3666 principio

531 3679 828 3770 positum
873 3684 1083 3761 esset,
1146 3672 1269 3742 sed
1324 3672 1689 3742 dicendum
1730 3684 1831 3743 est
1872 3669 2265 3770 ἐπιτιμῴης
2310 3674 2421 3748 ἄν.
2523 3675 2751 3759 Pauca

447 3786 451 3791 ’
534 3780 622 3850 de
659 3780 938 3849 millenis
965 3777 1040 3845 id
1080 3777 1391 3869 exempla
1424 3777 1785 3851 docebunt.
1891 3778 2240 3849 Demosth.
2284 3803 2356 3872 Ρ.
2403 3758 2580 3868 849,
2605 3750 2747 3898 22.

537 3886 648 3958 ἔτι
679 3885 756 3956 δὲ
784 3877 876 3956 τό
903 3875 1186 3976 πρᾶγμ
1220 3879 1312 3952 ἄν
1346 3882 1694 3974 ἐξελέγξαι
1735 3880 1961 4003 ζητῶν
1994 3875 2325 4001 ἐξῄτησεν
2358 3878 2451 3953 ἄν
2481 3906 2578 3972 με
2612 3873 2746 3954 τόν

537 3991 784 4059 παῖδα.
839 3983 1063 4071 1132,
1099 3981 1218 4051 28.
1261 3982 1404 4062 πῶς
1442 3982 1535 4055 ἂν
1574 3979 1703 4056 οὖν
1747 3977 1856 4103 μή
1898 3978 2128 4106 εἰὸως·
2130 3982 2171 4057 o‘
2222 3976 2468 4080 πατήρ
2520 3976 2747 4054 αὐτον

536 4085 990 4211 Ἀθηναῖον
956 4079 1303 4177 εσόμενον
1321 4086 1646 4158 ἔδωκεν
1596 4116 1689 4159 αν
1704 4114 1839 4181 την
1854 4088 2128 4160 ἑαυτοῦ
2139 4093 2486 4181 γυναῖκα·
2457 4140 2482 4178 ,
2526 4083 2749 4171 1368,

538 4191 657 4261 18.
715 4190 835 4271 οὓς
869 4186 961 4261 ἄν
987 4216 1097 4268 τις
1138 4181 1479 4279 δεόμενος
1515 4192 1587 4262 ἐκ
1623 4215 1953 4287 πονηρων
1995 4183 2457 4309 πραγμάτων
2487 4190 2752 4285 εἴπειεν

537 4292 646 4369 ἄν.
701 4293 982 4364 Lucian.
1010 4291 1407 4360 Hermotim.
1439 4285 1560 4358 55.
1595 4289 1637 4362 ὁ
1669 4290 2042 4373 Φειδίας”
1991 4320 2083 4365 αν
2112 4320 2293 4365 ποτε
2325 4281 2570 4365 ἰδων”’
2526 4316 2752 4379 ονυχα

538 4400 826 4477 λέοντος
865 4397 1041 4488 ἔγνω
1090 4394 1182 4466 ἄν
1221 4391 1341 4465 ὅτι
1384 4388 1669 4476 λέοντός
1718 4399 1955 4483 ἐστιν,
2012 4398 2083 4468 εἰ
2100 4389 2208 4492 μή
2240 4387 2540 4493 εωροῖκει
2571 4392 2753 4465 ποτὲ
