3284 5159
549 388 554 395 ·
640 436 767 500 186
1308 432 1425 494 DE
1492 428 2041 496 PARTICVLA
2084 430 2179 498 ἂν

641 610 1094 718 πράττουσιν
1141 624 1496 716 ἐπιτιμᾷς.
1600 623 1685 692 ld
1736 646 1899 693 vero
1944 646 2082 694 non
2128 624 2333 714 illud,
2398 626 2589 717 quod
2646 628 2854 697 modo

643 726 954 795 dicebam
967 777 988 813 ‚
1044 727 1478 820 significabit,
1531 727 1655 795 sed
1681 726 2026 820 facturis
2041 779 2061 815 ‚
2084 729 2218 796 ·vel
2231 728 2510 822 facere
2548 732 2851 801 volenti-

644 828 813 914 ὂιιε,
861 829 905 902 ἰ.
937 852 994 897 e.
1027 829 1078 901 οἳ
1106 823 1502 925 πράττοιεν
1545 829 1658 903 ἄν.
1764 831 2097 900 Nimirum
2127 832 2332 900 fallax
2362 834 2697 922 quaedum
2739 860 2851 904 ra-

642 934 736 1001 tio
773 934 967 1000 istam
997 933 1381 1025 opinionem
1413 937 1721 1026 peperit,
1784 934 1877 1007 ἆν
1909 936 2264 1028 participio
2305 938 2604 1007 iunctum
2643 934 2850 1032 signi-

639 1038 846 1105 ficare
879 1035 1062 1105 idem
1105 1034 1293 1126 quod
1334 1038 1397 1108 εἰ
1437 1056 1593 1105 cum
1626 1038 1838 1106 verbo
1871 1040 2076 1108 finito.
2181 1039 2360 1107 Nam
2408 1043 2525 1110 ubi
2569 1044 2850 1111 verbum

640 1140 997 1232 participio
1037 1139 1421 1206 adiunctum
1467 1164 1621 1208 cum
1661 1140 1753 1213 ἂν
1794 1142 2249 1210 consociatum
2295 1152 2438 1231 est,
2494 1168 2651 1213 sane
2693 1170 2849 1238 par·

639 1243 940 1335 ticipium
976 1265 1130 1309 cum
1178 1242 1270 1315 ἄν
1310 1244 1402 1310 ita
1435 1246 1605 1312 verti
1640 1253 1868 1335 potest
1889 1298 1910 1334 ,
1962 1246 2089 1312 sed
2133 1267 2270 1313 non
2311 1257 2536 1315 tamen
2569 1251 2725 1337 quia
2757 1249 2850 1322 ἄν

638 1346 701 1414 ei
731 1354 831 1413 est
861 1345 1187 1433 additum,
1240 1346 1362 1413 sed
1387 1348 1563 1437 quia,
1616 1348 1674 1415 si
1703 1349 2074 1438 principale
2101 1351 2385 1418 verbum
2409 1374 2541 1442 per
2561 1351 2650 1423 ἄν
2681 1375 2849 1420 con·-

636 1449 1023 1518 ditionalem
1052 1451 1455 1518 sententiam
1501 1452 1819 1542 praebet,
1874 1452 2071 1519 etiam
2119 1462 2347 1545 partes
2389 1456 2531 1534 eius
2580 1464 2847 1523 seuten-

633 1553 764 1621 tiae
785 1551 957 1620 tales
987 1561 1155 1622 sunt.
1261 1553 1356 1621 Vt
1380 1554 1447 1621 in
1479 1554 1850 1644 Lysistrata
1878 1577 1941 1622 v.
1971 1553 2144 1624 ³310.

1624 1707 1744 1779 καὶ
1774 1699 2115 1788 πολλάκις
2143 1706 2434 1781 ἕνδον“
2383 1736 2476 1779 αν
2509 1735 2728 1780 ουσαι

838 1801 1248 1905 ἠκούσαμεν
1280 1835 1372 1881 αν
1406 1836 1481 1881 τι
1512 1836 1738 1890 κακως
1778 1808 1965 1903 ὑμεῖς
1993 1811 2613 1903 βουλευσαμένους
2656 1813 2841 1904 μέγα

1864 1911 2189 2008 πρᾶγμα.

629 2063 724 2131 Et
768 2061 949 2132 istud
988 2064 1212 2156 ipsum
1260 2062 1611 2151 isocratis,
1665 2065 1723 2133 si
1760 2066 1853 2133 sic
1900 2065 2082 2134 dicus
2102 2117 2122 2154 ‚
2173 2063 2225 2137 οἳ
2275 2071 2429 2145 τοῖς
2472 2064 2707 2146 αλλοις
2751 2065 2843 2140 ἄν
2899 2036 2904 2039 ¹
2967 2054 2978 2061 .

629 2160 1084 2261 πράττουσιν
1109 2162 1496 2265 ἕπιτιμοόης
1525 2165 1639 2259 ἄν.
1743 2168 1998 2238 Contra
2023 2177 2208 2237 recte
2234 2190 2391 2237 cum
2424 2166 2559 2241 κᾶν
2573 2224 2602 2258 ,
2651 2171 2841 2271 prin-

507 2263 520 2293 ¹
633 2269 855 2366 cipali
858 2270 1072 2338 verbo
1101 2271 1241 2339 sine
1269 2254 1650 2340 conditicne
1675 2274 1922 2367 posito.
1970 2270 2189 2366 Soph.
2224 2271 2479 2345 Trach.
2499 2271 2739 2342 11οἵ
2827 2278 2834 2285 “

839 2418 1008 2498 ἀλλ’
1032 2418 1118 2496 εὖ
1146 2425 1233 2516 γε’
1255 2451 1377 2497 τοι
1397 2418 1567 2498 τόδ’
1601 2427 1799 2516 ἴστε,
1827 2422 1987 2498 κοῖν
2015 2453 2103 2498 το
2090 2417 2360 2547 μηδὲν
2391 2452 2534 2505 ων,

836 2525 971 2598 κᾶν.
974 2526 1224 2650 μηδὲν
1259 2532 1532 2623 ἕρπων,
1584 2518 1721 2623 τήν
1750 2557 1828 2622 γε
1856 2522 2229 2626 δράσασαν
2255 2520 2434 2601 τάδε

837 2622 1286 2724 χειρώσομαι
1316 2627 1448 2702 min
1478 2631 1725 2704 τωνδε.

627 2783 806 2851 Nam
853 2804 1083 2851 sensus
1125 2792 1265 2873 est,
1314 2776 1798 2879 χειρώσομαι,
1859 2781 1977 2855 καὶ
2023 2812 2114 2855 αν
2163 2784 2235 2857 εἰ
2270 2781 2494 2878 μηδὲν
2536 2786 2684 2880 εἴην
2722 2783 2839 2854 καὶ

627 2878 859 2983 ’μηδὲν
890 2890 1221 2991 ἔρποιμι,
1275 2884 1783 2983 χειρωσαίμην
1890 2887 2047 2954 Νοιι
2084 2879 2254 2977 puto
2288 2894 2512 2953 autem
2550 2885 2641 2958 ἄν
2670 2910 2836 2979 par-

628 2988 860 3080 ticipio
890 2978 1209 3056 additum
1205 2990 1330 3057 vel
1354 2990 1605 3058 nomini
1622 3040 1644 3077 ,
1671 2988 1787 3057 ad
1812 2987 2000 3080 quod
2030 2986 2540 3110 intelligendum
2569 3000 2692 3074 est,
2744 2991 2836 3057 sic

630 3091 952 3184 explicari
985 3114 1192 3182 posse
1230 3101 1314 3161 ut
1358 3093 1810 3162 coniunctivus
1867 3093 2330 3179 substituatur,
2401 3092 2517 3181 qui
2568 3092 2836 3179 moduS,

627 3204 702 3289 up
737 3217 944 3286 supra
969 3194 1253 3284 dictum,
1303 3219 1439 3264 non
1469 3197 1648 3265 solus
1673 3218 1801 3289 per
1840 3217 1912 3264 se
1947 3197 2352 3263 construitur
2379 3217 2534 3262 cum
2562 3219 2644 3263 ea
2670 3219 2835 3287 par-

507 3287 511 3293 ’
627 3299 852 3370 ticula.
955 3296 1194 3387 Itaque
1241 3322 1301 3371 e.
1362 3323 1417 3369 c.
1464 3297 1709 3378 συθεὶς
1757 3297 1848 3370 ἄν
1888 3320 2025 3365 non
2066 3300 2317 3389 poterit
2361 3298 2492 3365 dici
2535 3310 2666 3389 pro
2709 3291 2835 3371 ἐοῖν

631 3400 894 3495 συθῇς,
940 3409 1054 3469 aut
1089 3399 1132 3474 ὅ
1166 3402 1412 3481 συθεὶς
1445 3399 1573 3486 ἄν,
1626 3423 1759 3492 pro
1793 3401 1869 3481 ὃς
1913 3399 2004 3474 ἄν
2042 3402 2277 3496 συθῇ,
2328 3402 2483 3492 quia
2511 3422 2649 3469 non
2669 3411 2834 3493 pot-

629 3512 731 3570 est
757 3504 890 3570 dici
918 3530 981 3575 ει
1023 3504 1251 3600 συθῇς
1280 3502 1409 3584 ἄν,
1467 3504 1542 3585 ὂς
1581 3505 1778 3599 συθῇ
1808 3533 1917 3576 αν.
2023 3503 2233 3573 Aliud
2273 3513 2373 3572 est
2415 3503 2667 3577 ὁτιοῦν
2712 3501 2832 3592 ἄν,

629 3605 817 3695 quod
858 3620 1068 3697 quum
1098 3607 1505 3676 Schaeferus
1547 3605 1737 3699 apud
1768 3606 2123 3679 Demosth.
2152 3628 2227 3699 p.
2266 3605 2435 3691 192,
2471 3606 2589 3677 22.
2629 3608 2698 3674 in
2728 3607 2832 3676 his
2869 3668 2874 3675 .

627 3709 886 3798 verbiS,
939 3713 1010 3783 εἰ
1042 3706 1116 3783 δ’
1144 3709 1325 3835 υπέρ
1350 3738 1431 3803 γε
1459 3710 1604 3783 τῶν
1629 3709 1940 3782 δικαίων
1968 3738 2086 3782 και
2113 3716 2475 3800 πολεμεῖν,
2527 3709 2619 3782 ἂν
2652 3703 2831 3782 τού-

627 3832 764 3885 του
795 3814 914 3911 δέῃ
927 3869 957 3902 ,
1011 3841 1130 3886 και
1165 3840 1469 3902 πασχειν
1498 3809 1750 3886 οτιοῦν
1781 3811 1872 3884 οἷν
1904 3814 2151 3885 οἴεσθε
2182 3813 2491 3908 χρῆναι,
2527 3812 2670 3881 nisi
2696 3812 2829 3881 de-

625 3916 874 4003 lentur,
926 3918 1022 3985 sic
1060 3916 1530 4008 explicandum
1563 3924 1762 4009 putat
1793 3913 2051 3988 οτιοῦν
2078 3914 2168 3988 ἄν
2198 3911 2242 4010 ᾖ
2256 3962 2277 3999 ,
2328 3924 2554 4007 potest
2577 3914 2651 3983 id
2677 3918 2831 4006 qui-

627 4017 786 4086 dem
833 4021 978 4087 fieri
994 4071 1014 4105 ,
1068 4021 1121 4087 si
1158 4021 1440 4107 verbum
1466 4018 1639 4087 illud
1678 4041 1839 4087 vere
1885 4020 2202 4087 omissum
2233 4018 2667 4087 iudicandum
2711 4028 2829 4103 est,

626 4129 696 4189 at
740 4123 882 4189 veri
920 4131 1147 4191 tamen
1200 4102 1468 4192 similius
1508 4146 1658 4192 esse
1698 4121 1982 4190 arbitror
1995 4172 2016 4211 ,
2053 4123 2443 4215 optativum
2487 4124 2713 4217 potius
2761 4125 2829 4190 in

622 4226 736 4293 issa
765 4226 1057 4295 formula
1098 4226 1417 4319 intelligi,
1470 4223 1727 4299 οτιοῧν
1766 4253 1857 4296 αν
1892 4223 2112 4321 χρείη.
2219 4225 2334 4294 Sic
2378 4250 2451 4318 p.
2487 4225 2663 4298 231.
2694 4226 2825 4293 init.

624 4354 917 4424 πρωτον
939 4329 1079 4422 μὲν
1109 4326 1311 4422 υμεῖς
1327 4326 1515 4401 οὕτω
1547 4331 1930 4415 διέκεισθε,
1984 4355 2155 4408 ωςτε
2185 4331 2472 4409 Φωκέας
2499 4329 2636 4419 μὲν
2655 4320 2827 4420 βου·

623 4435 886 4505 λεσθαι
932 4432 1299 4528 σωθῆναι,
1349 4430 1604 4527 καίπερ
1654 4426 1741 4503 οὐ
1779 4427 2021 4503 δίκαια
2061 4432 2455 4513 ποιοῦντας
2503 4430 2827 4528 ὁρῶντες,
