3284 5159
456 386 462 393 ⁴
581 429 708 493 ιη
1269 424 1384 487 nn
1444 421 1986 524 ranrlcvm
2030 416 2123 486 ἂν

683 619 881 691 αἴκεν
932 613 1060 711 ἐμέ
1112 608 1290 702 ζωόν
1341 607 1747 690 πεπύθοιτ’
1811 613 1926 690 ἐπὶ
1977 611 2219 713 νηυσὶν
2266 609 2616 704 Ἀχαιῶν.

582 778 756 847 quae
780 754 991 823 verba
1023 753 1224 821 etiam
1258 779 1317 823 ιι.
1355 750 1525 845 380.
1555 761 1624 820 et
1658 754 1715 822 λ.
1770 751 1940 820 134.
1981 750 2330 842 leguntur,
2384 749 2504 817 sed
2542 752 2611 818 in
2650 749 2784 820 hoc

579 867 926 953 postremo
959 856 1114 942 ioco
1147 856 1390 923 omissa
1417 854 1748 948 particula
1780 857 1916 928 κέν.
1971 853 2173 923 Adde
2197 858 2270 946 β.
2306 851 2474 922 123.
2505 863 2582 926 θ.
2611 851 2780 923 196.
2903 915 2916 927 ,

550 957 757 1030 ι205.
814 989 860 1033 ι.
915 958 1086 1026 141.
1135 957 1306 1026 283.
1361 957 1533 1027 362.
1562 955 1751 1040 445.
1804 986 1865 1030 ν.
1920 954 2092 1025 288.
2147 983 2209 1046 χ.
2267 953 2437 1024 229.
2490 977 2568 1050 ψ.
2614 954 2783 1024 346.

580 1061 753 1132 592.
805 1061 1085 1131 Hesiod.
1103 1059 1189 1130 Ο.
1231 1069 1300 1129 et
1322 1061 1409 1130 l).
1430 1059 1603 1135 359.
1634 1058 1808 1134 432.
1844 1059 2016 1130 690.
2068 1059 2467 1151 Praeposita
2491 1069 2597 1141 est
2623 1082 2786 1153 par-

445 1222 454 1239 .
580 1167 786 1235 ticula
808 1163 969 1238 ·0‹l.
1006 1190 1069 1262 ρ.
1101 1163 1270 1236 223.

686 1295 820 1376 τόν
870 1297 1069 1373 σι’..εἴ
1108 1288 1245 1393 μοι’
1296 1297 1490 1396 δοίης
1539 1296 1895 1389 σταθμῶν
1947 1292 2223 1396 ῥυτῆρα
2275 1300 2636 1392 γενέσθαι.

584 1443 821 1509 iterata
850 1435 1034 1530 apud
1063 1435 1345 1507 Hesiod.
1378 1433 1465 1504 Ο.
1498 1443 1568 1502 et
1592 1434 1678 1503 l).
1709 1432 1878 1502 423.

690 1579 759 1649 εἰ
808 1576 893 1648 δέ
936 1601 1056 1649 κεν
1108 1566 1519 1667 ὀκταπόδην
1572 1569 1718 1644 ἄπο
1772 1571 1890 1644 καὶ
1945 1566 2231 1667 σφῦράν
2281 1600 2359 1646 ιιι
2409 1566 2707 1665 τα’μοι,ο.

585 1713 780 1783 Iliad.
816 1741 886 1786 α,
918 1707 1094 1782 549.
1143 1710 1429 1778 Wolfius
1455 1731 1539 1776 ex
1568 1708 1948 1794 coniectura
1968 1760 1987 1795 ‚
2030 1719 2106 1778 ut
2136 1709 2432 1795 videtur,
2485 1708 2707 1776 dedit:

691 1849 778 1922 ὃν
827 1849 910 1922 δέ
946 1843 1019 1919 κ’
1072 1839 1249 1940 ἐγοῖν
1301 1837 1678 1917 α’ποὶνευθε
1732 1844 1925 1917 θεῶν
1978 1847 2294 1939 ἐθέλωμι
2346 1845 2630 1938 νοῆσαι,

686 1945 866 2045 μήτι
922 1943 1013 2022 σύ
1061 1948 1300 2021 ταῦτα
1355 1953 1621 2020 ἕκαστα
1677 1945 1983 2044 διείρεο,
2036 1948 2213 2044 μηδὲ
2271 1941 2652 2040 perdum

587 2098 772 2159 recte
811 2089 1126 2156 fortasse:
1176 2070 1411 2154 verum
1452 2094 1678 2151 tamen
1716 2105 1855 2152 non
1893 2092 1966 2152 ut
2011 2085 2280 2152 vitiosus
2321 2083 2660 2175 putandus
2708 2084 2789 2152 sit

589 2194 705 2283 qui
766 2192 979 2284 vulgo
1041 2189 1288 2282 legitur
1360 2188 1716 2279 optativus.
1817 2186 1883 2255 Is
1949 2188 2125 2255 enim
2196 2187 2359 2255 facit
2424 2196 2501 2254 ut
2562 2209 2785 2256 sensus
2905 2227 2918 2233 s

590 2297 674 2364 sit
693 2346 713 2381 ‚
768 2296 829 2367 εἱ
852 2294 944 2379 ιδέ
962 2288 1032 2364 κ’
1064 2284 1238 2384 ἐγών
1271 2290 1655 2381 ἐθέλοιμι,
1706 2288 1893 2377 quod
1928 2289 2261 2381 apodosin
2286 2290 2655 2382 postularet
2681 2297 2790 2356 ta·-

590 2399 761 2480 lem‚
814 2392 943 2468 οὐκ
985 2393 1077 2466 ἄν
1120 2391 1352 2490 γνοίης
1393 2392 1671 2481 ταῦτα,
1727 2413 1856 2484 pro
1900 2415 2036 2482 qua
2074 2393 2312 2462 fortior
2346 2392 2626 2460 infertur
2663 2391 2790 2459 ad-

588 2500 884 2577 monitio.
987 2495 1214 2562 Minus
1263 2494 1463 2562 etiam
1512 2495 1803 2585 probem
1818 2545 1838 2581 ,
1890 2508 1966 2563 ut
2014 2495 2087 2563 id
2127 2495 2259 2563 hac
2296 2495 2793 2586 opportunitate

590 2602 880 2686 addam,
933 2597 1426 2693 Aristarchum,
1480 2597 1669 2666 Iliad.
1711 2607 1787 2670 θ.
1836 2596 1953 2670 23.
2006 2600 2321 2693 ἐθέλωμι
2359 2599 2791 2668 scribentem:

695 2751 856 2828 αλλ
890 2751 1016 2827 ὅτε
1049 2745 1138 2848 δη
1164 2749 1282 2823 καὶ
1315 2745 1451 2842 ἐγω
1476 2744 1827 2848 πρόφρων
1858 2753 2171 2843 ἐθέλωμι
2200 2746 2542 2873 ἐρύσσαι,

693 2854 885 2954 αὐτῇ
908 2884 1027 2929 κεν
1053 2853 1219 2952 γαίῃ
1254 2848 1561 2951 ἐρύσαιμ
1612 2903 1636 2941 ,
1690 2850 1880 2950 αὐτῇ
1902 2881 1985 2926 τε
2018 2847 2372 2952 θαλασση.

588 3015 747 3081 Non
781 3012 957 3079 enim
989 3008 1322 3076 facturum
1349 3032 1424 3077 se
1452 3008 1523 3076 id
1544 3008 1856 3101 Iuppiter
1881 3006 2155 3095 indicat,
2208 3007 2329 3076 sed
2360 3007 2553 3094 dicit,
2609 3009 2792 3097 quid,

591 3117 646 3183 si
682 3114 844 3181 velit
891 3113 1154 3197 facere,
1206 3111 1501 3179 futurum
1545 3112 1648 3180 sit.
1751 3111 2067 3196 Rectius,
2118 3088 2194 3179 ut
2234 3111 2304 3178 in
2355 3133 2431 3180 re
2473 3133 2635 3179 vere
2678 3112 2790 3179 fu-

588 3229 737 3285 tura
752 3268 774 3303 ,
823 3216 1160 3283 restitutus
1190 3214 1645 3283 coniunctivus
1672 3213 1859 3335 Iliad.
1889 3242 1938 3284 ι.
1976 3210 2147 3281 397.

693 3344 888 3423 τοίων
920 3347 1008 3448 ἦν
1042 3346 1114 3421 α’
1149 3352 1501 3442 ἐθέλωμι,
1553 3347 1768 3447 φίλην
1796 3342 2156 3447 ποιήσομ’
2193 3348 2500 3423 ἄκοιτιν.

591 3487 706 3556 Sic
734 3488 934 3565 etiam
968 3485 1104 3556 Od.
1133 3515 1196 3560 τ.
1226 3485 1399 3555 489.

697 3620 864 3696 οὐδὲ
887 3622 1188 3743 τροφοῦ
1223 3620 1431 3746 οὔσης
1464 3621 1592 3695 σεῦ
1620 3617 2019 3717 ἀφέξομαι,
2069 3618 2340 3697 ὁππότ’
2380 3652 2474 3697 αν
2502 3622 2717 3704 αλλας

698 3719 999 3818 ὃμωας’
964 3753 1039 3798 εν
1084 3751 1517 3822 μεγαροισιν
1551 3729 1751 3816 ἐμοῖς
1777 3724 2120 3831 ιιτείνωμι
2151 3733 2503 3820 γυναῖκας.

590 3859 724 3929 Hic
759 3882 1031 3950 quoque
1061 3862 1273 3953 vulgo
1307 3860 1640 3952 optativus
1671 3860 1939 3953 legitur.

793 3962 1094 4032 Diximus
1126 3962 1261 4031 hoc
1296 3986 1513 4055 genus
1541 3965 2047 4033 constructionis
2071 3967 2420 4058 epicorum
2445 3965 2795 4057 proprium

594 4088 771 4149 esse,
823 4074 896 4132 ut
929 4067 1039 4134 vel
1069 4075 1433 4158 propterea
1464 4074 1855 4157 suspectum
1884 4090 2031 4137 esse
2058 4068 2340 4156 debeat,
2392 4068 2580 4159 quod
2610 4065 2793 4161 apud

589 4167 987 4260 Euripidem
1018 4168 1345 4243 Androm.
1380 4168 1551 4237 771.
1603 4169 1926 4262 legimus,

699 4305 771 4374 εἴ
790 4331 866 4373 τι
896 4329 1035 4397 γαρ
1066 4331 1157 4375 αν
1193 4330 1462 4392 πασχοι
1493 4332 1602 4386 τις
1635 4298 2049 4401 ἀμήχανον,
2091 4303 2301 4403 ἀλκῆς
2437 4316 2440 4323 ’

699 4431 787 4476 ου
819 4398 1071 4486 σπάνις
1104 4402 1516 4498 eirene-racc
