3284 5159
1278 414 1452 478 LIB.
1501 414 1549 475 1.
1641 414 1829 477 cAP.
1876 416 1977 481 18.
2655 421 2740 486 '11

521 638 667 709 μην
698 633 806 698 σε,
857 607 997 675 hoc
1027 628 1244 693 sensu,
1298 604 1366 675 si
1390 626 1507 673 me
1540 602 1810 673 ιἰιῖιιιῆα
1840 601 2218 700 afficeres,
2260 604 2610 699 punirem
2630 617 2740 680 te.-

524 712 680 801 sed,
733 712 988 780 etiamsi
1015 710 1182 778 velis
1218 706 1308 777 ad
1339 725 1660 799 praesens
1686 716 1953 799 tempus
1984 707 2261 796 referri,
2310 718 2540 779 tamen
2571 706 2741 804 pro-

504 817 672 937 ,prie
704 815 795 883 de
823 815 1188 908 praeterito
1219 811 1471 880 dictum
1508 812 1667 896 erit,
1718 809 1854 877 hoc
1880 811 2123 880 modo:
2147 759 2299 904 sa’c
2330 821 2402 883 te
2427 815 2656 884 mihi
2628 841 2740 886 m-

521 919 794 989 iuriam
848 917 1212 988 intulisse:
1283 924 1436 984 tum
1479 912 1875 1008 puniebam
1929 923 2015 984 te.
2122 915 2351 1000 Quam
2385 917 2740 989 Elmsleius

522 1023 612 1092 ad
673 1020 934 1095 Bacch.
991 1018 1163 1088 612.
1217 1017 1443 1090 1311.
1492 1019 1669 1086 viam
1715 1017 1899 1100 iniit,
1953 1011 2367 1091 ἐλάνθανεν,
2399 1030 2467 1088 et
2507 1022 2743 1091 similia

520 1148 651 1220 pro
687 1119 932 1222 λήσειν
964 1125 1216 1217 ἔμελλε
1253 1122 1388 1189 dici
1414 1169 1434 1207 ,
1488 1143 1709 1211 eoque
1740 1121 2112 1212 particulae
2150 1122 2573 1193 omissionem
2615 1125 2740 1196 de-

521 1228 709 1298 fendi
736 1237 920 1296 ratus
937 1275 958 1312 ,
1007 1226 1290 1319 probari
1331 1247 1464 1293 non
1510 1246 1719 1318 posse
1764 1224 1992 1292 monui
2033 1222 2123 1291 ad
2166 1223 2384 1317 Soph.
2414 1227 2526 1302 El,
2563 1227 2738 1301 902,

519 1335 699 1403 Nam
728 1332 784 1399 si
827 1332 919 1398 ita
952 1339 1160 1415 esset,
1211 1351 1343 1396 non
1374 1337 1608 1419 posset
1642 1349 1774 1419 pro
1806 1325 2054 1395 eodem
2094 1328 2296 1395 etiam
2339 1324 2743 1406 ἐλάνθανεν

523 1434 614 1508 οἲν
646 1434 802 1506 dici.
842 1422 849 1430 ⁸
907 1433 1117 1523 Atqui
1149 1441 1218 1499 et
1261 1452 1393 1522 pro
1428 1424 1831 1503 ἐλάνθανεν
1865 1428 1956 1502 ἂν
1982 1430 2094 1499 vix
2132 1452 2416 1521 usquam
2441 1457 2579 1503 non
2604 1459 2739 1527 po-

521 1538 678 1606 teris
723 1537 972 1628 ἔμελλε
1015 1529 1256 1629 λήσειν
1286 1533 1534 1620 dicere,
1587 1542 1657 1601 et
1681 1554 1814 1624 pro
1843 1532 2093 1626 ἔμελλε
2118 1527 2391 1629 λήσειν,
2441 1538 2557 1605 ubi
2585 1539 2739 1628 qui-

522 1640 681 1709 dem
704 1640 776 1707 id
804 1638 894 1708 ad
926 1661 1063 1707 non
1091 1638 1443 1729 impletam
1468 1636 1924 1704 conditionem
1950 1635 2271 1725 refertur,
2321 1639 2574 1731 ubique
2607 1641 2742 1710 dici

516 1752 746 1837 potest
795 1736 1196 1815 ἐλάνθανεν
1248 1738 1358 1811 ἄν.
1475 1739 1592 1808 Sic
1636 1738 2045 1808 Schaeferus
2088 1736 2257 1809 Mel.
2301 1764 2396 1815 cr.
2433 1768 2508 1836 p.
2562 1744 2736 1819 131.

512 1856 704 1918 recte
738 1846 1089 1932 observat,
1139 1844 1209 1911 in
1236 1842 1342 1912 his
1375 1841 1711 1911 Herodoti
1750 1842 1835 1910 11.
1865 1839 1988 1915 43.
2022 1869 2139 1914 και
2178 1869 2328 1938 μην
2357 1847 2431 1918 εἴ
2446 1874 2529 1940 γε
2555 1845 2739 1945 παρ’

517 1943 880 2046 Ἑλλήνων
911 1949 1175 2040 ἔλαβον
1210 1940 1495 2037 οὔνομά
1525 1971 1652 2018 τευ
1688 1944 2059 2035 δαίμονος,
2108 1939 2393 2018 τούτων
2415 1944 2544 2021 οὐκ
2581 1946 2739 2046 ἧιιι-

522 2079 707 2143 στα,
763 2045 948 2123 άλλά
979 2043 1304 2144 μάλιστα
1336 2049 1639 2141 ἔμελλον
1680 2040 1972 2144 μνήμην
2000 2051 2223 2137 ἕξειν,
2267 2048 2400 2117 (lici
2438 2052 2749 2143 potuisse

521 2157 730 2245 ἔσχον
761 2152 853 2226 ἄν
879 2146 1190 2250 μνήμην.
1294 2151 1530 2241 Itaque
1559 2151 1678 2218 illo
1708 2149 2010 2219 Elmsleii
2046 2164 2444 2243 argumento
2471 2176 2606 2223 ιιοιι
2633 2156 2739 2225 ef-

519 2259 739 2326 ficitur
780 2256 969 2346 quod
999 2255 1381 2344 quaerimus
1395 2303 1417 2340 ,
1478 2253 1644 2344 quid
1684 2254 1940 2322 intersit
1965 2262 2190 2320 utrum
2226 2250 2626 2333 ἐλάνθανεν
2651 2283 2739 2328 an

519 2353 922 2435 ἐλάνθανεν
953 2357 1042 2432 άν
1085 2358 1366 2426 dicatur.
1471 2359 1617 2427 Nos
1656 2379 1861 2446 quam
1909 2357 2194 2425 omissae
2218 2360 2587 2450 particulae
2621 2385 2736 2430 ra-

518 2465 766 2532 tionem
816 2485 960 2530 esse
1004 2462 1286 2530 diximus
1304 2509 1325 2546 ,
1393 2460 1532 2529 eius
1569 2461 1828 2553 insigne
1874 2462 2259 2553 exemplum
2306 2472 2519 2546 exstat
2551 2463 2738 2558 apud

516 2564 944 2636 Andocidem
992 2564 1080 2634 de
1121 2575 1322 2656 myst.
1372 2588 1450 2657 Ρ.
1490 2563 1614 2638 28.
1666 2562 1877 2653 (118.
1932 2558 2006 2659 §.
2061 2562 2222 2656 57.)
2274 2564 2353 2638 τί
2393 2593 2486 2639 αν
2530 2596 2736 2661 υμων

519 2675 815 2749 ἕκαστος
838 2661 1212 2759 ἐποιήσεν,·
1248 2671 1318 2741 εἰ
1338 2668 1476 2761 μὲν
1504 2661 1642 2765 γάρ
1675 2662 1765 2763 ἦν
1797 2670 1992 2739 δυεῖν
2016 2661 2111 2741 w*
2136 2672 2387 2765 ἕτερον
2408 2672 2733 2759 ελέσθαι,

518 2772 565 2863 ἢ
610 2772 835 2853 καλως
880 2767 1337 2850 άπολέσθαι,
1401 2769 1447 2860 ἢ
1493 2769 1800 2865 αἰσχρως
1846 2770 2217 2867 σωθῆναι,
2283 2772 2439 2859 ἔχοι
2491 2769 2583 2844 ἄν
2624 2800 2736 2854 τις

520 2878 746 2950 εἰπεῖν
797 2874 1052 2946 κακίαν
1106 2870 1292 2946 εἶναι
1323 2866 1420 2946 τά
1449 2866 1837 2966 λεγόμενα·
1891 2871 2133 2945 καίτοι
2170 2871 2421 2947 πολλοι
2468 2901 2575 2947 αν
2615 2876 2733 2948 καί

519 2978 747 3051 τοῦτο
779 2982 902 3050 εἴλ
925 3002 1081 3050 οντ
1104 3001 1184 3064 ο,
1238 3003 1326 3049 το
1365 2975 1489 3070 ζῆν
1531 2974 1695 3070 περὶ
1722 2973 2049 3056 πλείονος
2086 2968 2571 3067 ποιησάμενοι
2595 2979 2736 3052 τοῦ

517 3080 744 3161 καλῶς
799 3075 1254 3152 α’ποθανεῖν·
1360 3076 1547 3151 ὅπου
1596 3078 1675 3149 δὲ
1722 3071 2005 3151 τούτων
2057 3104 2146 3151 το
2197 3074 2733 3153 ἐναντιώτατον

517 3209 644 3278 ην,
699 3176 1147 3276 σιωπήσαντι
1189 3184 1356 3274 μέν,
1412 3176 1614 3272 αὐτῷ
1656 3207 1741 3253 τε
1775 3181 2115 3269 αἴσχιστα
2148 3176 2559 3254 άπολέσθαι
2598 3210 2730 3280 μη-

519 3285 638 3358 ὃέν
676 3278 1117 3405 ἀσεβήσαντι
1134 3340 1163 3373 ,
1219 3286 1332 3359 ἔτι
1369 3282 1447 3357 δέ
1491 3309 1625 3355 τον
1660 3285 1942 3403 πατέρα
1972 3285 2321 3379 περιὶδεῖν
2353 3279 2730 3378 άπολόμε-

517 3412 647 3461 νον
688 3385 808 3459 και
854 3379 988 3460 τᾶν
1037 3380 1382 3508 ιιηδεστῆν
1430 3386 1549 3457 ιιαὶ
1589 3412 1760 3465 τους
1805 3391 2158 3478 συγγενεῖς
2204 3386 2327 3458 ιιαι
2383 3383 2732 3509 άνεψιους

516 3482 952 3577 τοσούτους,
1025 3489 1146 3571 οὓς
1200 3485 1434 3568 ουδεις
1486 3482 1958 3561 άπωλλυεν
2012 3486 2056 3582 ἢ
2111 3482 2288 3580 ἐγω,
2351 3516 2455 3586 μη
2512 3485 2730 3564 εἰπων

518 3619 607 3672 ως
621 3597 860 3710 ἕτεροι
887 3588 1262 3687 ἥμαρτον·
1316 3589 1734 3687 Διοιιλειδης
1747 3618 1883 3684 μεν
1911 3616 2050 3685 γαρ
2080 3585 2532 3685 ψευσάμενος
2557 3596 2728 3690 ἐδη-

518 3720 641 3768 σεν
675 3688 977 3783 αὐτούς,
1032 3691 1349 3790 σωτηρία
1383 3694 1461 3767 δὲ
1495 3689 1739 3766 αυτῶν
1773 3691 1950 3788 άλλη
1984 3689 2289 3787 ουδεμία
2322 3690 2443 3790 ἦν,
2496 3694 2543 3816 ἢ
2580 3723 2727 3768 πυ-

515 3798 798 3870 θέσθαι
837 3792 1286 3892 Αθηναίους
1339 3793 1585 3868 πάντα
1633 3789 1733 3868 τά
1773 3796 2238 3920 πραχθέντα·
2296 3823 2554 3889 φονευς
2595 3825 2727 3871 ουν

517 3895 761 3972 αυτῶν
802 3893 1248 3996 ἐγινόμην
1299 3891 1476 3991 ἐγω,
1526 3892 1633 3993 μή
1679 3891 1896 3971 είπων
1937 3894 2114 3989 υμῖν
2163 3897 2216 3970 ὁὶ
2250 3922 2560 4027 ηκουσα’
2613 3900 2726 3975 ἔτι

517 4002 596 4074 δὲ
628 4000 1087 4099 τριακοσίους
1113 3997 1531 4100 Ἀθηναίων
1584 3993 2102 4080 άπωλλυον,
2156 4000 2275 4074 καὶ
2313 3999 2360 4097 ή
2409 3996 2613 4084 πόλις
2648 4008 2725 4077 ἐν

514 4110 755 4185 ιιαιιοῖς
784 4109 937 4184 τοῖς
961 4102 1329 4198 μεγίστοις
1372 4102 1664 4196 ἐγίνετ
1685 4127 1763 4175 ο·
1816 4101 2053 4175 ταῦτα
2082 4103 2221 4195 μέν
2253 4130 2386 4176 ουν
2418 4131 2511 4199 ην
2541 4105 2727 4199 ἐμοῦ

514 4200 621 4303 μή
654 4199 1017 4287 εἰπόντος·
1071 4202 1291 4278 εἰπων
1319 4206 1395 4279 δὲ
1424 4199 1523 4277 τά
1555 4204 1780 4294 ὄντα,
1837 4197 2054 4285 αυτός
2091 4232 2175 4278 τε
2226 4210 2392 4280 ἐσω
2414 4201 2720 4304 ζόμην,

515 4335 655 4381 και
662 4336 796 4382 τον
835 4310 1119 4407 πατέρα
1165 4310 1494 4396 ἔσωζον
1523 4307 1644 4381 ιιαὶ
1685 4332 1856 4388 τους
1884 4305 2138 4387 ἄλλους
2170 4314 2549 4400 συγγενεῖς,
2599 4312 2721 4382 ιιαι

516 4438 650 4499 την
702 4397 916 4540 πάλιν
973 4416 1048 4486 ἐκ
1095 4406 1336 4507 φόβου
1386 4410 1505 4483 καὶ
1553 4436 1787 4483 ιιακων
1843 4408 2000 4483 τῶν
2028 4410 2385 4506 μεγίστων
2444 4407 2720 4509 άπήλ-
