<?xml version="1.0" encoding="UTF-8"?>
<!DOCTYPE html PUBLIC "-//W3C//DTD XHTML 1.0 Transitional//EN"
    "http://www.w3.org/TR/xhtml1/DTD/xhtml1-transitional.dtd">
<html xmlns="http://www.w3.org/1999/xhtml" xml:lang="en" lang="en">
 <head>
  <title>
</title>
<meta http-equiv="Content-Type" content="text/html;charset=utf-8" />
  <meta name='ocr-system' content='tesseract 3.04.00' />
  <meta name='ocr-capabilities' content='ocr_page ocr_carea ocr_par ocr_line ocrx_word'/>
</head>
<body>
  <div class='ocr_page' id='page_1' title='image "./departicuvlaanl00hermgoog_0045.png"; bbox 0 0 3284 5159; ppageno 0'>
   <div class='ocr_carea' id='block_1_1' title="bbox 1222 435 2669 530">
    <p class='ocr_par' dir='ltr' id='par_1_1' title="bbox 1222 435 2669 530">
     <span class='ocr_line' id='line_1_1' title="bbox 1222 435 2669 530; baseline 0.007 -23"><span class='ocrx_word' id='word_1_1' title='bbox 1222 446 1394 510; x_wconf 77' lang='lat' dir='ltr'><strong><em>un.</em></strong></span> <span class='ocrx_word' id='word_1_2' title='bbox 1438 448 1488 508; x_wconf 92' lang='lat'><strong><em>1.</em></strong></span> <span class='ocrx_word' id='word_1_3' title='bbox 1577 446 1766 511; x_wconf 61' lang='grc' dir='ltr'><strong><em>(ιιι).</em></strong></span> <span class='ocrx_word' id='word_1_4' title='bbox 1809 452 1876 514; x_wconf 86' lang='lat' dir='ltr'><strong><em>s.</em></strong></span> <span class='ocrx_word' id='word_1_5' title='bbox 1945 435 1972 530; x_wconf 67' lang='lat' dir='ltr'><em>J</em></span> <span class='ocrx_word' id='word_1_6' title='bbox 2578 454 2669 517; x_wconf 69' lang='lat' dir='ltr'><strong><em>aa</em></strong></span> 
     </span>
    </p>
   </div>
   <div class='ocr_carea' id='block_1_2' title="bbox 450 635 2667 764">
    <p class='ocr_par' dir='ltr' id='par_1_2' title="bbox 450 635 2667 764">
     <span class='ocr_line' id='line_1_2' title="bbox 450 635 2667 764; baseline 0.005 -58"><span class='ocrx_word' id='word_1_7' title='bbox 450 636 567 706; x_wconf 89' lang='lat' dir='ltr'><strong><em>Sic</em></strong></span> <span class='ocrx_word' id='word_1_8' title='bbox 593 635 781 729; x_wconf 84' lang='lat' dir='ltr'><strong>apud</strong></span> <span class='ocrx_word' id='word_1_9' title='bbox 806 636 1369 730; x_wconf 71' lang='lat' dir='ltr'><strong>Thucydideml.</strong></span> <span class='ocrx_word' id='word_1_10' title='bbox 1411 637 1532 708; x_wconf 78' lang='lat'><strong><em>33.</em></strong></span> <span class='ocrx_word' id='word_1_11' title='bbox 1583 639 1943 716; x_wconf 79' lang='lat' dir='ltr'><strong>Bekkerus</strong></span> <span class='ocrx_word' id='word_1_12' title='bbox 1992 640 2234 712; x_wconf 77' lang='lat' dir='ltr'><strong>edidit.</strong></span> <span class='ocrx_word' id='word_1_13' title='bbox 2285 636 2667 764; x_wconf 70' lang='grc' dir='ltr'><strong><em>γενήσεται</em></strong></span> 
     </span>
    </p>
   </div>
   <div class='ocr_carea' id='block_1_3' title="bbox 448 738 2671 974">
    <p class='ocr_par' dir='ltr' id='par_1_3' title="bbox 448 738 2671 940">
     <span class='ocr_line' id='line_1_3' title="bbox 452 738 2671 865; baseline 0.001 -51"><span class='ocrx_word' id='word_1_14' title='bbox 452 742 545 814; x_wconf 78' lang='grc' dir='ltr'><strong><em>δὲ</em></strong></span> <span class='ocrx_word' id='word_1_15' title='bbox 572 740 746 833; x_wconf 79' lang='grc' dir='ltr'><strong><em>ὑμῖν</em></strong></span> <span class='ocrx_word' id='word_1_16' title='bbox 805 744 1277 833; x_wconf 78' lang='grc' dir='ltr'><strong><em>πειθομένοις</em></strong></span> <span class='ocrx_word' id='word_1_17' title='bbox 1288 738 1508 865; x_wconf 64' lang='grc' dir='ltr'><strong><em>ωκαλη</em></strong></span> <span class='ocrx_word' id='word_1_18' title='bbox 1547 739 1594 839; x_wconf 84' lang='grc' dir='ltr'><em>ἦ</em></span> <span class='ocrx_word' id='word_1_19' title='bbox 1637 744 1980 833; x_wconf 78' lang='grc' dir='ltr'><strong><em>ξυντυχία</em></strong></span> <span class='ocrx_word' id='word_1_20' title='bbox 2032 771 2221 816; x_wconf 84' lang='grc' dir='ltr'><strong><em>κατα</em></strong></span> <span class='ocrx_word' id='word_1_21' title='bbox 2261 738 2498 817; x_wconf 83' lang='grc' dir='ltr'><strong><em>πολλα</em></strong></span> <span class='ocrx_word' id='word_1_22' title='bbox 2541 747 2671 842; x_wconf 83' lang='grc' dir='ltr'><strong><em>τῆς</em></strong></span> 
     </span>
     <span class='ocr_line' id='line_1_4' title="bbox 448 841 2669 974; baseline 0.001 -58"><span class='ocrx_word' id='word_1_23' title='bbox 448 841 805 936; x_wconf 72' lang='grc' dir='ltr'><strong><em>ἡμετέρας</em></strong></span> <span class='ocrx_word' id='word_1_24' title='bbox 837 843 1112 937; x_wconf 80' lang='grc' dir='ltr'><strong><em>χρείας,</em></strong></span> <span class='ocrx_word' id='word_1_25' title='bbox 1158 871 1452 940; x_wconf 86' lang='grc' dir='ltr'><strong><em>πρωτον</em></strong></span> <span class='ocrx_word' id='word_1_26' title='bbox 1494 849 1633 937; x_wconf 77' lang='grc' dir='ltr'><strong><em>μὲν</em></strong></span> <span class='ocrx_word' id='word_1_27' title='bbox 1677 845 1798 920; x_wconf 85' lang='grc' dir='ltr'><strong><em>ὅτι</em></strong></span> <span class='ocrx_word' id='word_1_28' title='bbox 1841 874 1970 919; x_wconf 89' lang='grc' dir='ltr'><strong><em>ουκ</em></strong></span> <span class='ocrx_word' id='word_1_29' title='bbox 2015 843 2509 974; x_wconf 69' lang='grc' dir='ltr'><strong><em>ἀδικουμένοις</em></strong></span> <span class='ocrx_word' id='word_1_30' title='bbox 2546 850 2669 919; x_wconf 79' lang='grc' dir='ltr'><strong><em>καὶ</em></strong></span> 
     </span>
    </p>
   </div>
   <div class='ocr_carea' id='block_1_4' title="bbox 330 941 2664 1072">
    <p class='ocr_par' dir='ltr' id='par_1_4' title="bbox 330 941 2664 1072">
     <span class='ocr_line' id='line_1_5' title="bbox 330 941 2664 1072; baseline 0.004 -60"><span class='ocrx_word' id='word_1_31' title='bbox 330 1005 347 1012; x_wconf 61' lang='grc'>,</span> <span class='ocrx_word' id='word_1_32' title='bbox 450 946 741 1040; x_wconf 76' lang='grc' dir='ltr'><strong><em>ἑτέρους</em></strong></span> <span class='ocrx_word' id='word_1_33' title='bbox 782 944 1196 1039; x_wconf 72' lang='grc' dir='ltr'><strong><em>βλάπτουσι</em></strong></span> <span class='ocrx_word' id='word_1_34' title='bbox 1241 941 1373 1044; x_wconf 82' lang='grc' dir='ltr'><strong><em>τήν</em></strong></span> <span class='ocrx_word' id='word_1_35' title='bbox 1414 948 1837 1070; x_wconf 78' lang='grc' dir='ltr'><strong><em>ε’πικοιρίαν</em></strong></span> <span class='ocrx_word' id='word_1_36' title='bbox 1881 942 2321 1072; x_wconf 47' lang='grc' dir='ltr'><strong><em>ποιήσεσθεζ</em></strong></span> <span class='ocrx_word' id='word_1_37' title='bbox 2382 952 2664 1039; x_wconf 80' lang='grc' dir='ltr'><strong><em>ἔπειτα,</em></strong></span> 
     </span>
    </p>
   </div>
   <div class='ocr_carea' id='block_1_5' title="bbox 444 1044 2667 2172">
    <p class='ocr_par' dir='ltr' id='par_1_5' title="bbox 444 1044 2667 2172">
     <span class='ocr_line' id='line_1_6' title="bbox 444 1044 2667 1145; baseline 0.002 -25.014"><span class='ocrx_word' id='word_1_38' title='bbox 444 1048 611 1145; x_wconf 84' lang='grc' dir='ltr'><strong><em>περὶ</em></strong></span> <span class='ocrx_word' id='word_1_39' title='bbox 638 1076 783 1121; x_wconf 86' lang='grc' dir='ltr'><strong><em>των</em></strong></span> <span class='ocrx_word' id='word_1_40' title='bbox 814 1048 1173 1140; x_wconf 84' lang='grc' dir='ltr'><strong><em>μεγίστων</em></strong></span> <span class='ocrx_word' id='word_1_41' title='bbox 1211 1044 1758 1132; x_wconf 74' lang='grc' dir='ltr'><strong><em>κινδυνεύοντας</em></strong></span> <span class='ocrx_word' id='word_1_42' title='bbox 1791 1045 2209 1143; x_wconf 75' lang='grc' dir='ltr'><strong><em>δεξάμενοι,</em></strong></span> <span class='ocrx_word' id='word_1_43' title='bbox 2263 1079 2354 1133; x_wconf 87' lang='grc' dir='ltr'><strong><em>ως</em></strong></span> <span class='ocrx_word' id='word_1_44' title='bbox 2379 1078 2472 1123; x_wconf 90' lang='grc' dir='ltr'><strong><em>αν</em></strong></span> <span class='ocrx_word' id='word_1_45' title='bbox 2506 1046 2667 1144; x_wconf 81' lang='grc' dir='ltr'><strong><em>μοί-</em></strong></span> 
     </span>
     <span class='ocr_line' id='line_1_7' title="bbox 449 1144 2667 1275; baseline 0.002 -52"><span class='ocrx_word' id='word_1_46' title='bbox 449 1154 664 1223; x_wconf 83' lang='grc' dir='ltr'><strong><em>λιστα</em></strong></span> <span class='ocrx_word' id='word_1_47' title='bbox 697 1179 838 1242; x_wconf 98' lang='grc' dir='ltr'><strong><em>μετ</em></strong></span> <span class='ocrx_word' id='word_1_48' title='bbox 919 1144 1364 1248; x_wconf 81' lang='grc' dir='ltr'><strong><em>αἐιμνήστου</em></strong></span> <span class='ocrx_word' id='word_1_49' title='bbox 1408 1153 1823 1250; x_wconf 79' lang='grc' dir='ltr'><strong><em>μαρτυρίου</em></strong></span> <span class='ocrx_word' id='word_1_50' title='bbox 1872 1180 2008 1251; x_wconf 83' lang='grc' dir='ltr'><strong><em>την</em></strong></span> <span class='ocrx_word' id='word_1_51' title='bbox 2040 1148 2272 1275; x_wconf 73' lang='grc' dir='ltr'><strong><em>χάριν</em></strong></span> <span class='ocrx_word' id='word_1_52' title='bbox 2301 1161 2667 1228; x_wconf 76' lang='grc' dir='ltr'><strong><em>καταθεῖ·-</em></strong></span> 
     </span>
     <span class='ocr_line' id='line_1_8' title="bbox 453 1249 2665 1354; baseline -0.001 -27"><span class='ocrx_word' id='word_1_53' title='bbox 453 1263 613 1327; x_wconf 92' lang='grc' dir='ltr'><strong><em>σθε.</em></strong></span> <span class='ocrx_word' id='word_1_54' title='bbox 714 1254 905 1323; x_wconf 84' lang='lat' dir='ltr'><strong>Libri</strong></span> <span class='ocrx_word' id='word_1_55' title='bbox 954 1249 1385 1351; x_wconf 85' lang='grc' dir='ltr'><strong><em>καταθησθε</em></strong></span> <span class='ocrx_word' id='word_1_56' title='bbox 1428 1258 1540 1324; x_wconf 84' lang='lat' dir='ltr'><strong><em>vel</em></strong></span> <span class='ocrx_word' id='word_1_57' title='bbox 1589 1257 2063 1353; x_wconf 64' lang='grc' dir='ltr'><strong><em>καταθῆσθει</em></strong></span> <span class='ocrx_word' id='word_1_58' title='bbox 2128 1258 2196 1324; x_wconf 88' lang='lat' dir='ltr'><strong><em>in</em></strong></span> <span class='ocrx_word' id='word_1_59' title='bbox 2237 1280 2370 1327; x_wconf 88' lang='lat' dir='ltr'><strong><em>uno</em></strong></span> <span class='ocrx_word' id='word_1_60' title='bbox 2423 1257 2576 1326; x_wconf 84' lang='lat' dir='ltr'><strong>cod.</strong></span> <span class='ocrx_word' id='word_1_61' title='bbox 2620 1286 2665 1354; x_wconf 80' lang='grc' dir='ltr'><em>η</em></span> 
     </span>
     <span class='ocr_line' id='line_1_9' title="bbox 450 1357 2665 1453; baseline 0.002 -28"><span class='ocrx_word' id='word_1_62' title='bbox 450 1380 493 1425; x_wconf 92' lang='lat' dir='ltr'><strong>a</strong></span> <span class='ocrx_word' id='word_1_63' title='bbox 519 1366 900 1426; x_wconf 91' lang='lat' dir='ltr'><strong>correctore</strong></span> <span class='ocrx_word' id='word_1_64' title='bbox 945 1357 1013 1424; x_wconf 95' lang='lat' dir='ltr'><strong><em>in</em></strong></span> <span class='ocrx_word' id='word_1_65' title='bbox 1045 1359 1265 1449; x_wconf 84' lang='lat' dir='ltr'><strong>spatio</strong></span> <span class='ocrx_word' id='word_1_66' title='bbox 1301 1357 1584 1427; x_wconf 89' lang='lat' dir='ltr'><strong>duarum</strong></span> <span class='ocrx_word' id='word_1_67' title='bbox 1612 1360 1979 1428; x_wconf 86' lang='lat' dir='ltr'><strong>litterarum</strong></span> <span class='ocrx_word' id='word_1_68' title='bbox 2012 1383 2266 1453; x_wconf 83' lang='lat' dir='ltr'><strong>capace</strong></span> <span class='ocrx_word' id='word_1_69' title='bbox 2304 1371 2665 1433; x_wconf 84' lang='lat' dir='ltr'><strong>exaratum.</strong></span> 
     </span>
     <span class='ocr_line' id='line_1_10' title="bbox 450 1459 2663 1551; baseline 0.002 -23"><span class='ocrx_word' id='word_1_70' title='bbox 450 1460 554 1528; x_wconf 91' lang='lat' dir='ltr'><strong><em>Ac</em></strong></span> <span class='ocrx_word' id='word_1_71' title='bbox 587 1473 773 1529; x_wconf 86' lang='lat' dir='ltr'><strong>recte</strong></span> <span class='ocrx_word' id='word_1_72' title='bbox 802 1460 1074 1550; x_wconf 85' lang='lat' dir='ltr'><strong>quidem</strong></span> <span class='ocrx_word' id='word_1_73' title='bbox 1108 1459 1498 1531; x_wconf 89' lang='lat' dir='ltr'><strong>Bekkerus.</strong></span> <span class='ocrx_word' id='word_1_74' title='bbox 1553 1462 1677 1531; x_wconf 86' lang='lat' dir='ltr'><strong><em>sed</em></strong></span> <span class='ocrx_word' id='word_1_75' title='bbox 1705 1484 1843 1530; x_wconf 91' lang='lat' dir='ltr'><strong><em>non</em></strong></span> <span class='ocrx_word' id='word_1_76' title='bbox 1876 1471 2102 1532; x_wconf 89' lang='lat' dir='ltr'><strong>tamen</strong></span> <span class='ocrx_word' id='word_1_77' title='bbox 2144 1464 2508 1532; x_wconf 82' lang='lat' dir='ltr'><strong>absurdum</strong></span> <span class='ocrx_word' id='word_1_78' title='bbox 2539 1474 2663 1551; x_wconf 87' lang='lat' dir='ltr'><strong>est,</strong></span> 
     </span>
     <span class='ocr_line' id='line_1_11' title="bbox 450 1561 2664 1653; baseline 0.002 -23"><span class='ocrx_word' id='word_1_79' title='bbox 450 1563 636 1652; x_wconf 86' lang='lat' dir='ltr'><strong>quod</strong></span> <span class='ocrx_word' id='word_1_80' title='bbox 667 1563 782 1631; x_wconf 90' lang='lat' dir='ltr'><strong>Fr.</strong></span> <span class='ocrx_word' id='word_1_81' title='bbox 809 1564 1133 1632; x_wconf 88' lang='lat' dir='ltr'><strong>Volcmar</strong></span> <span class='ocrx_word' id='word_1_82' title='bbox 1161 1561 1567 1633; x_wconf 80' lang='lat' dir='ltr'><strong>Fritzschius</strong></span> <span class='ocrx_word' id='word_1_83' title='bbox 1586 1616 1608 1653; x_wconf 80' lang='lat'><strong>‚</strong></span> <span class='ocrx_word' id='word_1_84' title='bbox 1672 1566 1927 1634; x_wconf 80' lang='lat' dir='ltr'><strong>iuvenis</strong></span> <span class='ocrx_word' id='word_1_85' title='bbox 1959 1567 2139 1636; x_wconf 90' lang='lat' dir='ltr'><strong>bene</strong></span> <span class='ocrx_word' id='word_1_86' title='bbox 2187 1566 2258 1635; x_wconf 93' lang='lat' dir='ltr'><strong><em>in</em></strong></span> <span class='ocrx_word' id='word_1_87' title='bbox 2308 1566 2413 1636; x_wconf 90' lang='lat' dir='ltr'><strong><em>his</em></strong></span> <span class='ocrx_word' id='word_1_88' title='bbox 2478 1568 2664 1635; x_wconf 87' lang='lat' dir='ltr'><strong>litte-</strong></span> 
     </span>
     <span class='ocr_line' id='line_1_12' title="bbox 448 1662 2666 1764; baseline 0.001 -31"><span class='ocrx_word' id='word_1_89' title='bbox 448 1668 537 1733; x_wconf 85' lang='lat' dir='ltr'><strong><em>ris</em></strong></span> <span class='ocrx_word' id='word_1_90' title='bbox 587 1675 907 1751; x_wconf 66' lang='grc' dir='ltr'><strong><em>νει-εοεαε,</em></strong></span> <span class='ocrx_word' id='word_1_91' title='bbox 962 1667 1378 1755; x_wconf 69' lang='lat' dir='ltr'><strong>conficiebat,</strong></span> <span class='ocrx_word' id='word_1_92' title='bbox 1428 1662 1968 1764; x_wconf 72' lang='grc' dir='ltr'><strong><em>καταθήσεσθε.</em></strong></span> <span class='ocrx_word' id='word_1_93' title='bbox 2067 1666 2363 1738; x_wconf 84' lang='grc' dir='ltr'><strong><em>Οιιιιιίιιο</em></strong></span> <span class='ocrx_word' id='word_1_94' title='bbox 2418 1678 2666 1756; x_wconf 83' lang='lat' dir='ltr'><strong>autem,</strong></span> 
     </span>
     <span class='ocr_line' id='line_1_13' title="bbox 450 1769 2667 1863; baseline 0.002 -27"><span class='ocrx_word' id='word_1_95' title='bbox 450 1769 571 1836; x_wconf 89' lang='lat' dir='ltr'><strong>nisi</strong></span> <span class='ocrx_word' id='word_1_96' title='bbox 600 1770 818 1851; x_wconf 81' lang='lat' dir='ltr'><strong>fallor,</strong></span> <span class='ocrx_word' id='word_1_97' title='bbox 867 1770 936 1836; x_wconf 92' lang='lat' dir='ltr'><strong><em>in</em></strong></span> <span class='ocrx_word' id='word_1_98' title='bbox 971 1770 1268 1858; x_wconf 89' lang='lat' dir='ltr'><strong>qualibet</strong></span> <span class='ocrx_word' id='word_1_99' title='bbox 1298 1772 1670 1839; x_wconf 87' lang='lat' dir='ltr'><strong>accessoria</strong></span> <span class='ocrx_word' id='word_1_100' title='bbox 1697 1780 1890 1863; x_wconf 87' lang='lat' dir='ltr'><strong>parte</strong></span> <span class='ocrx_word' id='word_1_101' title='bbox 1926 1774 2289 1841; x_wconf 85' lang='lat' dir='ltr'><strong>sententiae</strong></span> <span class='ocrx_word' id='word_1_102' title='bbox 2316 1772 2408 1844; x_wconf 76' lang='grc' dir='ltr'><strong><em>ἂν</em></strong></span> <span class='ocrx_word' id='word_1_103' title='bbox 2437 1773 2667 1841; x_wconf 83' lang='grc' dir='ltr'><strong><em>Ιοσιιιιι</em></strong></span> 
     </span>
     <span class='ocr_line' id='line_1_14' title="bbox 448 1872 2664 1964; baseline 0.003 -27"><span class='ocrx_word' id='word_1_104' title='bbox 448 1872 692 1957; x_wconf 88' lang='lat' dir='ltr'><strong>habet,</strong></span> <span class='ocrx_word' id='word_1_105' title='bbox 762 1873 815 1940; x_wconf 91' lang='lat' dir='ltr'><strong><em>si</em></strong></span> <span class='ocrx_word' id='word_1_106' title='bbox 861 1872 953 1940; x_wconf 90' lang='lat' dir='ltr'><strong>illi</strong></span> <span class='ocrx_word' id='word_1_107' title='bbox 995 1872 1122 1963; x_wconf 91' lang='lat' dir='ltr'><strong>ipsi</strong></span> <span class='ocrx_word' id='word_1_108' title='bbox 1168 1872 1346 1963; x_wconf 85' lang='lat' dir='ltr'><strong>parti</strong></span> <span class='ocrx_word' id='word_1_109' title='bbox 1391 1874 1650 1964; x_wconf 85' lang='lat' dir='ltr'><strong>aliquid</strong></span> <span class='ocrx_word' id='word_1_110' title='bbox 1685 1874 1936 1943; x_wconf 80' lang='lat' dir='ltr'><strong>fortuiti</strong></span> <span class='ocrx_word' id='word_1_111' title='bbox 1982 1874 2500 1944; x_wconf 85' lang='lat' dir='ltr'><strong>adscribendum</strong></span> <span class='ocrx_word' id='word_1_112' title='bbox 2540 1884 2664 1943; x_wconf 88' lang='lat' dir='ltr'><strong>est.</strong></span> 
     </span>
     <span class='ocr_line' id='line_1_15' title="bbox 451 1975 2664 2069; baseline 0.003 -27"><span class='ocrx_word' id='word_1_113' title='bbox 451 1975 683 2059; x_wconf 76' lang='lat' dir='ltr'><strong>Quare</strong></span> <span class='ocrx_word' id='word_1_114' title='bbox 725 1997 860 2043; x_wconf 90' lang='lat' dir='ltr'><strong><em>non</em></strong></span> <span class='ocrx_word' id='word_1_115' title='bbox 904 1976 1249 2043; x_wconf 88' lang='lat' dir='ltr'><strong>soloecum</strong></span> <span class='ocrx_word' id='word_1_116' title='bbox 1290 1999 1436 2045; x_wconf 90' lang='lat' dir='ltr'><strong>esse</strong></span> <span class='ocrx_word' id='word_1_117' title='bbox 1481 1986 1689 2069; x_wconf 86' lang='lat' dir='ltr'><strong>puto,</strong></span> <span class='ocrx_word' id='word_1_118' title='bbox 1743 1977 1934 2068; x_wconf 86' lang='lat' dir='ltr'><strong>quod</strong></span> <span class='ocrx_word' id='word_1_119' title='bbox 1960 2000 2129 2046; x_wconf 86' lang='lat' dir='ltr'><strong>unus</strong></span> <span class='ocrx_word' id='word_1_120' title='bbox 2159 1978 2410 2047; x_wconf 81' lang='lat' dir='ltr'><strong>alterve</strong></span> <span class='ocrx_word' id='word_1_121' title='bbox 2441 1977 2664 2048; x_wconf 79' lang='lat' dir='ltr'><strong>codex</strong></span> 
     </span>
     <span class='ocr_line' id='line_1_16' title="bbox 448 2073 1645 2172; baseline 0.003 -27"><span class='ocrx_word' id='word_1_122' title='bbox 448 2078 514 2145; x_wconf 88' lang='lat' dir='ltr'><strong><em>in</em></strong></span> <span class='ocrx_word' id='word_1_123' title='bbox 547 2077 888 2171; x_wconf 86' lang='lat' dir='ltr'><strong>Aristoph.</strong></span> <span class='ocrx_word' id='word_1_124' title='bbox 918 2078 1099 2147; x_wconf 86' lang='lat' dir='ltr'><strong>Nub.</strong></span> <span class='ocrx_word' id='word_1_125' title='bbox 1127 2073 1301 2153; x_wconf 78' lang='lat'><strong><em>465.</em></strong></span> <span class='ocrx_word' id='word_1_126' title='bbox 1322 2081 1645 2172; x_wconf 85' lang='lat' dir='ltr'><strong>praebet,</strong></span> 
     </span>
    </p>
   </div>
   <div class='ocr_carea' id='block_1_6' title="bbox 441 2222 2662 4535">
    <p class='ocr_par' dir='ltr' id='par_1_6' title="bbox 780 2222 1751 2429">
     <span class='ocr_line' id='line_1_17' title="bbox 781 2222 1751 2326; baseline 0.006 -26"><span class='ocrx_word' id='word_1_127' title='bbox 781 2222 930 2325; x_wconf 78' lang='grc' dir='ltr'><strong><em>αροῖ</em></strong></span> <span class='ocrx_word' id='word_1_128' title='bbox 964 2258 1044 2322; x_wconf 76' lang='grc' dir='ltr'><strong><em>γε</em></strong></span> <span class='ocrx_word' id='word_1_129' title='bbox 1073 2226 1288 2305; x_wconf 79' lang='grc' dir='ltr'><strong><em>τοῦτ’</em></strong></span> <span class='ocrx_word' id='word_1_130' title='bbox 1320 2258 1413 2306; x_wconf 91' lang='grc' dir='ltr'><strong><em>αν</em></strong></span> <span class='ocrx_word' id='word_1_131' title='bbox 1443 2224 1579 2326; x_wconf 72' lang='grc' dir='ltr'><strong><em>ἐγώ</em></strong></span> <span class='ocrx_word' id='word_1_132' title='bbox 1604 2258 1751 2306; x_wconf 83' lang='grc' dir='ltr'><strong><em>ποτ</em></strong></span> 
     </span>
     <span class='ocr_line' id='line_1_18' title="bbox 780 2330 1106 2429; baseline 0.003 -23"><span class='ocrx_word' id='word_1_133' title='bbox 780 2330 1106 2429; x_wconf 80' lang='grc' dir='ltr'><strong><em>ὄψομαι;</em></strong></span> 
     </span>
    </p>

    <p class='ocr_par' dir='ltr' id='par_1_7' title="bbox 441 2484 2660 4535">
     <span class='ocr_line' id='line_1_19' title="bbox 449 2484 2658 2575; baseline 0.006 -22"><span class='ocrx_word' id='word_1_134' title='bbox 449 2486 606 2554; x_wconf 88' lang='grc' dir='ltr'><strong><em>Νοιι</em></strong></span> <span class='ocrx_word' id='word_1_135' title='bbox 661 2486 834 2555; x_wconf 90' lang='lat' dir='ltr'><strong>enim</strong></span> <span class='ocrx_word' id='word_1_136' title='bbox 874 2487 962 2556; x_wconf 88' lang='lat' dir='ltr'><strong><em>ad</em></strong></span> <span class='ocrx_word' id='word_1_137' title='bbox 1003 2487 1332 2575; x_wconf 83' lang='lat' dir='ltr'><strong>futurum,</strong></span> <span class='ocrx_word' id='word_1_138' title='bbox 1386 2484 1509 2559; x_wconf 85' lang='lat' dir='ltr'><strong><em>sed</em></strong></span> <span class='ocrx_word' id='word_1_139' title='bbox 1549 2486 1637 2558; x_wconf 88' lang='lat' dir='ltr'><strong><em>ad</em></strong></span> <span class='ocrx_word' id='word_1_140' title='bbox 1672 2488 1894 2564; x_wconf 82' lang='grc' dir='ltr'><strong><em>τοῦτο</em></strong></span> <span class='ocrx_word' id='word_1_141' title='bbox 1926 2485 2360 2559; x_wconf 84' lang='lat' dir='ltr'><strong>referendum</strong></span> <span class='ocrx_word' id='word_1_142' title='bbox 2403 2498 2504 2560; x_wconf 88' lang='lat' dir='ltr'><strong>est</strong></span> <span class='ocrx_word' id='word_1_143' title='bbox 2544 2489 2658 2566; x_wconf 78' lang='grc' dir='ltr'><strong><em>ἄν.</em></strong></span> 
     </span>
     <span class='ocr_line' id='line_1_20' title="bbox 450 2586 2662 2691; baseline 0.006 -36"><span class='ocrx_word' id='word_1_144' title='bbox 450 2589 660 2673; x_wconf 76' lang='lat' dir='ltr'><strong>Quod</strong></span> <span class='ocrx_word' id='word_1_145' title='bbox 703 2592 1089 2682; x_wconf 74' lang='lat' dir='ltr'><strong>explicatius</strong></span> <span class='ocrx_word' id='word_1_146' title='bbox 1133 2592 1225 2659; x_wconf 89' lang='lat' dir='ltr'><strong>ita</strong></span> <span class='ocrx_word' id='word_1_147' title='bbox 1266 2593 1485 2663; x_wconf 83' lang='lat' dir='ltr'><strong>dicas:</strong></span> <span class='ocrx_word' id='word_1_148' title='bbox 1540 2586 1688 2687; x_wconf 71' lang='grc' dir='ltr'><strong><em>ἄρα’</em></strong></span> <span class='ocrx_word' id='word_1_149' title='bbox 1722 2622 1802 2686; x_wconf 80' lang='grc' dir='ltr'><strong><em>γε</em></strong></span> <span class='ocrx_word' id='word_1_150' title='bbox 1845 2589 2061 2666; x_wconf 80' lang='grc' dir='ltr'><strong><em>τοῦτ’</em></strong></span> <span class='ocrx_word' id='word_1_151' title='bbox 2104 2620 2196 2666; x_wconf 87' lang='grc' dir='ltr'><strong><em>αν</em></strong></span> <span class='ocrx_word' id='word_1_152' title='bbox 2238 2596 2383 2691; x_wconf 84' lang='grc' dir='ltr'><strong><em>εἴη,</em></strong></span> <span class='ocrx_word' id='word_1_153' title='bbox 2452 2592 2498 2668; x_wconf 81' lang='grc' dir='ltr'>ὃ</span> <span class='ocrx_word' id='word_1_154' title='bbox 2522 2588 2662 2686; x_wconf 68' lang='grc' dir='ltr'><strong><em>ἐγώ</em></strong></span> 
     </span>
     <span class='ocr_line' id='line_1_21' title="bbox 449 2687 2659 2790; baseline 0.002 -27"><span class='ocrx_word' id='word_1_155' title='bbox 449 2687 623 2764; x_wconf 83' lang='grc' dir='ltr'><strong><em>ποτ’</em></strong></span> <span class='ocrx_word' id='word_1_156' title='bbox 655 2690 990 2787; x_wconf 82' lang='grc' dir='ltr'><strong><em>ὄψομαι·</em></strong></span> <span class='ocrx_word' id='word_1_157' title='bbox 962 2749 986 2785; x_wconf 87' lang='lat'>‚</span> <span class='ocrx_word' id='word_1_158' title='bbox 1043 2693 1310 2763; x_wconf 88' lang='lat' dir='ltr'><strong>Caeteri</strong></span> <span class='ocrx_word' id='word_1_159' title='bbox 1334 2697 1484 2765; x_wconf 81' lang='lat' dir='ltr'><strong>libri</strong></span> <span class='ocrx_word' id='word_1_160' title='bbox 1516 2704 1584 2765; x_wconf 92' lang='lat' dir='ltr'><strong>et</strong></span> <span class='ocrx_word' id='word_1_161' title='bbox 1612 2696 1888 2765; x_wconf 86' lang='lat' dir='ltr'><strong>Suidas·</strong></span> <span class='ocrx_word' id='word_1_162' title='bbox 1942 2687 2091 2790; x_wconf 78' lang='grc' dir='ltr'><strong><em>οἷροὶ</em></strong></span> <span class='ocrx_word' id='word_1_163' title='bbox 2115 2723 2197 2787; x_wconf 79' lang='grc' dir='ltr'><strong><em>γε</em></strong></span> <span class='ocrx_word' id='word_1_164' title='bbox 2222 2692 2436 2769; x_wconf 83' lang='grc' dir='ltr'><strong><em>τοῦτ’</em></strong></span> <span class='ocrx_word' id='word_1_165' title='bbox 2486 2693 2659 2790; x_wconf 78' lang='grc' dir='ltr'><strong><em>ἄρ·</em></strong></span> <span class='ocrx_word' id='word_1_166' title='bbox 2626 2752 2654 2788; x_wconf 83' lang='grc'>,</span> 
     </span>
     <span class='ocr_line' id='line_1_22' title="bbox 446 2788 2660 2893; baseline 0.002 -31"><span class='ocrx_word' id='word_1_167' title='bbox 446 2794 778 2884; x_wconf 80' lang='lat' dir='ltr'><strong>VenetuS,</strong></span> <span class='ocrx_word' id='word_1_168' title='bbox 834 2788 978 2890; x_wconf 80' lang='grc' dir='ltr'><strong><em>οἶρα</em></strong></span> <span class='ocrx_word' id='word_1_169' title='bbox 1015 2825 1094 2889; x_wconf 79' lang='grc' dir='ltr'><strong><em>γε</em></strong></span> <span class='ocrx_word' id='word_1_170' title='bbox 1127 2791 1339 2870; x_wconf 81' lang='grc' dir='ltr'><strong><em>τοῦτ’</em></strong></span> <span class='ocrx_word' id='word_1_171' title='bbox 1370 2792 1501 2893; x_wconf 77' lang='grc' dir='ltr'><strong><em>ἆρ’</em></strong></span> <span class='ocrx_word' id='word_1_172' title='bbox 1520 2852 1548 2887; x_wconf 88' lang='lat'><em>,</em></span> <span class='ocrx_word' id='word_1_173' title='bbox 1600 2808 1676 2867; x_wconf 84' lang='lat' dir='ltr'><strong>ut</strong></span> <span class='ocrx_word' id='word_1_174' title='bbox 1707 2799 2042 2892; x_wconf 82' lang='lat' dir='ltr'><strong>Reisigius</strong></span> <span class='ocrx_word' id='word_1_175' title='bbox 2080 2797 2309 2867; x_wconf 85' lang='lat' dir='ltr'><strong>edidit.</strong></span> <span class='ocrx_word' id='word_1_176' title='bbox 2414 2796 2556 2868; x_wconf 85' lang='lat' dir='ltr'><strong><em>Sed</em></strong></span> <span class='ocrx_word' id='word_1_177' title='bbox 2581 2806 2660 2867; x_wconf 82' lang='lat' dir='ltr'><strong>ut</strong></span> 
     </span>
     <span class='ocr_line' id='line_1_23' title="bbox 449 2894 2659 2998; baseline 0 -30"><span class='ocrx_word' id='word_1_178' title='bbox 449 2894 592 2995; x_wconf 77' lang='grc' dir='ltr'><strong><em>ἄρα</em></strong></span> <span class='ocrx_word' id='word_1_179' title='bbox 627 2907 785 2989; x_wconf 87' lang='lat' dir='ltr'><strong>post</strong></span> <span class='ocrx_word' id='word_1_180' title='bbox 830 2926 974 2992; x_wconf 93' lang='grc' dir='ltr'><strong><em>αρα</em></strong></span> <span class='ocrx_word' id='word_1_181' title='bbox 1019 2899 1290 2969; x_wconf 83' lang='lat' dir='ltr'><strong>defendi</strong></span> <span class='ocrx_word' id='word_1_182' title='bbox 1330 2903 1581 2994; x_wconf 85' lang='lat' dir='ltr'><strong>possit,</strong></span> <span class='ocrx_word' id='word_1_183' title='bbox 1633 2929 1781 2998; x_wconf 88' lang='grc' dir='ltr'><strong><em>αρα</em></strong></span> <span class='ocrx_word' id='word_1_184' title='bbox 1824 2925 1959 2970; x_wconf 89' lang='grc' dir='ltr'><strong><em>ιιοιι</em></strong></span> <span class='ocrx_word' id='word_1_185' title='bbox 1990 2910 2235 2994; x_wconf 89' lang='lat' dir='ltr'><strong>potest.</strong></span> <span class='ocrx_word' id='word_1_186' title='bbox 2341 2901 2659 2970; x_wconf 84' lang='lat' dir='ltr'><strong>Similiter</strong></span> 
     </span>
     <span class='ocr_line' id='line_1_24' title="bbox 446 2996 2661 3097; baseline 0.004 -30"><span class='ocrx_word' id='word_1_187' title='bbox 446 3000 515 3067; x_wconf 89' lang='lat' dir='ltr'><strong><em>in</em></strong></span> <span class='ocrx_word' id='word_1_188' title='bbox 561 3001 853 3070; x_wconf 82' lang='lat' dir='ltr'><strong>Platonis</strong></span> <span class='ocrx_word' id='word_1_189' title='bbox 887 2999 1257 3072; x_wconf 86' lang='lat' dir='ltr'><strong><em>Phaedone</em></strong></span> <span class='ocrx_word' id='word_1_190' title='bbox 1302 3028 1377 3097; x_wconf 83' lang='lat' dir='ltr'><strong><em>p.</em></strong></span> <span class='ocrx_word' id='word_1_191' title='bbox 1431 3002 1554 3072; x_wconf 82' lang='lat'><strong><em>61.</em></strong></span> <span class='ocrx_word' id='word_1_192' title='bbox 1605 3003 1686 3074; x_wconf 87' lang='lat' dir='ltr'><strong><em>C.</em></strong></span> <span class='ocrx_word' id='word_1_193' title='bbox 1740 2998 1994 3094; x_wconf 84' lang='grc' dir='ltr'><strong><em>σχεδον</em></strong></span> <span class='ocrx_word' id='word_1_194' title='bbox 2036 3029 2202 3086; x_wconf 87' lang='grc' dir='ltr'><strong><em>ουν,</em></strong></span> <span class='ocrx_word' id='word_1_195' title='bbox 2259 3005 2330 3087; x_wconf 73' lang='grc' dir='ltr'><strong><em>ἐξ</em></strong></span> <span class='ocrx_word' id='word_1_196' title='bbox 2374 3031 2473 3077; x_wconf 85' lang='grc' dir='ltr'><strong><em>ων</em></strong></span> <span class='ocrx_word' id='word_1_197' title='bbox 2520 2996 2661 3097; x_wconf 76' lang='grc' dir='ltr'><strong><em>ἐγω</em></strong></span> 
     </span>
     <span class='ocr_line' id='line_1_25' title="bbox 446 3098 2657 3200; baseline 0.002 -26"><span class='ocrx_word' id='word_1_198' title='bbox 446 3098 822 3200; x_wconf 80' lang='grc' dir='ltr'><strong><em>ᾔσθημαι,</em></strong></span> <span class='ocrx_word' id='word_1_199' title='bbox 892 3099 1056 3178; x_wconf 78' lang='grc' dir='ltr'><strong><em>οὐδ’</em></strong></span> <span class='ocrx_word' id='word_1_200' title='bbox 1105 3104 1500 3186; x_wconf 81' lang='grc' dir='ltr'><strong><em>οπωςτιοῦν</em></strong></span> <span class='ocrx_word' id='word_1_201' title='bbox 1546 3135 1638 3184; x_wconf 83' lang='grc' dir='ltr'><strong><em>αν</em></strong></span> <span class='ocrx_word' id='word_1_202' title='bbox 1683 3133 1803 3179; x_wconf 85' lang='grc' dir='ltr'><strong><em>σοι</em></strong></span> <span class='ocrx_word' id='word_1_203' title='bbox 1849 3134 2025 3179; x_wconf 88' lang='grc' dir='ltr'><strong><em>εκων</em></strong></span> <span class='ocrx_word' id='word_1_204' title='bbox 2075 3101 2264 3179; x_wconf 84' lang='grc' dir='ltr'><strong><em>εἶναι</em></strong></span> <span class='ocrx_word' id='word_1_205' title='bbox 2305 3105 2657 3180; x_wconf 84' lang='grc' dir='ltr'><strong><em>πείσεται.</em></strong></span> 
     </span>
     <span class='ocr_line' id='line_1_26' title="bbox 445 3204 2660 3303; baseline 0.003 -31"><span class='ocrx_word' id='word_1_206' title='bbox 445 3206 578 3272; x_wconf 92' lang='lat' dir='ltr'><strong><em>Hic</em></strong></span> <span class='ocrx_word' id='word_1_207' title='bbox 609 3229 880 3297; x_wconf 85' lang='lat' dir='ltr'><strong>quoque</strong></span> <span class='ocrx_word' id='word_1_208' title='bbox 911 3209 1137 3279; x_wconf 88' lang='lat' dir='ltr'><strong>nescio</strong></span> <span class='ocrx_word' id='word_1_209' title='bbox 1172 3233 1259 3277; x_wconf 90' lang='lat' dir='ltr'><strong><em>an</em></strong></span> <span class='ocrx_word' id='word_1_210' title='bbox 1284 3232 1324 3276; x_wconf 91' lang='lat' dir='ltr'><strong>a</strong></span> <span class='ocrx_word' id='word_1_211' title='bbox 1345 3211 1797 3303; x_wconf 84' lang='lat' dir='ltr'><strong>grammaticis</strong></span> <span class='ocrx_word' id='word_1_212' title='bbox 1822 3210 2173 3302; x_wconf 83' lang='lat' dir='ltr'><strong>expulsum</strong></span> <span class='ocrx_word' id='word_1_213' title='bbox 2193 3210 2275 3278; x_wconf 88' lang='lat' dir='ltr'><strong>sit</strong></span> <span class='ocrx_word' id='word_1_214' title='bbox 2300 3234 2414 3298; x_wconf 87' lang='grc' dir='ltr'><strong><em>αν,</em></strong></span> <span class='ocrx_word' id='word_1_215' title='bbox 2467 3204 2660 3299; x_wconf 82' lang='lat' dir='ltr'><strong>quod</strong></span> 
     </span>
     <span class='ocr_line' id='line_1_27' title="bbox 448 3308 2654 3403; baseline 0.002 -28"><span class='ocrx_word' id='word_1_216' title='bbox 448 3309 638 3376; x_wconf 90' lang='lat' dir='ltr'><strong>abest</strong></span> <span class='ocrx_word' id='word_1_217' title='bbox 678 3310 746 3377; x_wconf 91' lang='lat' dir='ltr'><strong><em>in</em></strong></span> <span class='ocrx_word' id='word_1_218' title='bbox 795 3312 1198 3381; x_wconf 87' lang='lat' dir='ltr'><strong>membranis</strong></span> <span class='ocrx_word' id='word_1_219' title='bbox 1256 3309 1641 3382; x_wconf 88' lang='lat' dir='ltr'><strong>Bodleianis</strong></span> <span class='ocrx_word' id='word_1_220' title='bbox 1700 3323 1770 3382; x_wconf 90' lang='lat' dir='ltr'><strong>et</strong></span> <span class='ocrx_word' id='word_1_221' title='bbox 1811 3312 1952 3381; x_wconf 90' lang='lat' dir='ltr'><strong>aliis</strong></span> <span class='ocrx_word' id='word_1_222' title='bbox 1996 3311 2400 3403; x_wconf 85' lang='lat' dir='ltr'><strong>quibusdam</strong></span> <span class='ocrx_word' id='word_1_223' title='bbox 2450 3308 2654 3380; x_wconf 84' lang='lat' dir='ltr'><strong>codd.</strong></span> 
     </span>
     <span class='ocr_line' id='line_1_28' title="bbox 445 3406 2657 3507; baseline 0.004 -29"><span class='ocrx_word' id='word_1_224' title='bbox 445 3412 849 3503; x_wconf 86' lang='lat' dir='ltr'><strong>Xenophon.</strong></span> <span class='ocrx_word' id='word_1_225' title='bbox 904 3414 1165 3507; x_wconf 80' lang='lat' dir='ltr'><strong>Cyrop.</strong></span> <span class='ocrx_word' id='word_1_226' title='bbox 1212 3414 1477 3504; x_wconf 81' lang='lat' dir='ltr'><strong>v11.5‚</strong></span> <span class='ocrx_word' id='word_1_227' title='bbox 1524 3416 1646 3483; x_wconf 82' lang='lat'><strong><em>21.</em></strong></span> <span class='ocrx_word' id='word_1_228' title='bbox 1691 3415 1822 3488; x_wconf 79' lang='grc' dir='ltr'><strong><em>νῦν</em></strong></span> <span class='ocrx_word' id='word_1_229' title='bbox 1854 3408 1923 3488; x_wconf 86' lang='grc' dir='ltr'><strong><em>δ’</em></strong></span> <span class='ocrx_word' id='word_1_230' title='bbox 1967 3411 2088 3489; x_wconf 79' lang='grc' dir='ltr'><strong><em>ἐπ</em></strong></span> <span class='ocrx_word' id='word_1_231' title='bbox 2136 3406 2401 3495; x_wconf 79' lang='grc' dir='ltr'><strong><em>αὐτους</em></strong></span> <span class='ocrx_word' id='word_1_232' title='bbox 2431 3415 2657 3506; x_wconf 85' lang='grc' dir='ltr'><strong><em>ἴωμεν</em></strong></span> 
     </span>
     <span class='ocr_line' id='line_1_29' title="bbox 446 3511 2657 3647; baseline 0 -60"><span class='ocrx_word' id='word_1_233' title='bbox 446 3517 522 3587; x_wconf 79' lang='grc' dir='ltr'><strong><em>ἐν</em></strong></span> <span class='ocrx_word' id='word_1_234' title='bbox 574 3512 633 3609; x_wconf 76' lang='grc' dir='ltr'><em>ὦ</em></span> <span class='ocrx_word' id='word_1_235' title='bbox 678 3514 929 3588; x_wconf 86' lang='grc' dir='ltr'><strong><em>πολλοι</em></strong></span> <span class='ocrx_word' id='word_1_236' title='bbox 974 3518 1111 3610; x_wconf 81' lang='grc' dir='ltr'><strong><em>μὲν</em></strong></span> <span class='ocrx_word' id='word_1_237' title='bbox 1156 3514 1399 3590; x_wconf 77' lang='grc' dir='ltr'><strong><em>αὐτων</em></strong></span> <span class='ocrx_word' id='word_1_238' title='bbox 1411 3511 1935 3647; x_wconf 49' lang='grc' dir='ltr'><strong><em>καθευδουσιζ</em></strong></span> <span class='ocrx_word' id='word_1_239' title='bbox 1988 3516 2243 3590; x_wconf 82' lang='grc' dir='ltr'><strong><em>πολλοὶ</em></strong></span> <span class='ocrx_word' id='word_1_240' title='bbox 2289 3511 2362 3589; x_wconf 82' lang='grc' dir='ltr'><em>δ</em></span> <span class='ocrx_word' id='word_1_241' title='bbox 2414 3513 2657 3589; x_wconf 79' lang='grc' dir='ltr'><strong><em>αυτῶν</em></strong></span> 
     </span>
     <span class='ocr_line' id='line_1_30' title="bbox 442 3609 2656 3708; baseline 0.001 -20"><span class='ocrx_word' id='word_1_242' title='bbox 442 3609 854 3708; x_wconf 79' lang='grc' dir='ltr'><strong><em>μεθυουσι,</em></strong></span> <span class='ocrx_word' id='word_1_243' title='bbox 919 3646 1183 3701; x_wconf 83' lang='grc' dir='ltr'><strong><em>παντες</em></strong></span> <span class='ocrx_word' id='word_1_244' title='bbox 1242 3620 1320 3693; x_wconf 75' lang='grc' dir='ltr'><strong><em>δὲ</em></strong></span> <span class='ocrx_word' id='word_1_245' title='bbox 1379 3614 1824 3695; x_wconf 80' lang='grc' dir='ltr'><strong><em>α’σύντακτοί</em></strong></span> <span class='ocrx_word' id='word_1_246' title='bbox 1869 3625 2083 3693; x_wconf 88' lang='grc' dir='ltr'><strong><em>εἰσιν·</em></strong></span> <span class='ocrx_word' id='word_1_247' title='bbox 2165 3644 2349 3692; x_wconf 89' lang='grc' dir='ltr'><strong><em>οταν</em></strong></span> <span class='ocrx_word' id='word_1_248' title='bbox 2407 3618 2487 3691; x_wconf 76' lang='grc' dir='ltr'><strong><em>δὲ</em></strong></span> <span class='ocrx_word' id='word_1_249' title='bbox 2536 3617 2656 3691; x_wconf 81' lang='grc' dir='ltr'><strong><em>καὶ</em></strong></span> 
     </span>
     <span class='ocr_line' id='line_1_31' title="bbox 446 3714 2656 3818; baseline 0.001 -28"><span class='ocrx_word' id='word_1_250' title='bbox 446 3720 856 3793; x_wconf 81' lang='grc' dir='ltr'><strong><em>αἴσθωνται</em></strong></span> <span class='ocrx_word' id='word_1_251' title='bbox 896 3718 1083 3817; x_wconf 81' lang='grc' dir='ltr'><strong><em>ἡμας</em></strong></span> <span class='ocrx_word' id='word_1_252' title='bbox 1120 3718 1400 3796; x_wconf 80' lang='grc' dir='ltr'><strong><em>ἕνδον”</em></strong></span> <span class='ocrx_word' id='word_1_253' title='bbox 1355 3751 1592 3805; x_wconf 85' lang='grc' dir='ltr'><strong><em>οντας,</em></strong></span> <span class='ocrx_word' id='word_1_254' title='bbox 1647 3716 1834 3796; x_wconf 89' lang='grc' dir='ltr'><strong><em>πολυ</em></strong></span> <span class='ocrx_word' id='word_1_255' title='bbox 1870 3720 1961 3796; x_wconf 78' lang='grc' dir='ltr'><strong><em>ἄν</em></strong></span> <span class='ocrx_word' id='word_1_256' title='bbox 1988 3724 2101 3797; x_wconf 82' lang='grc' dir='ltr'><strong><em>ἔτι</em></strong></span> <span class='ocrx_word' id='word_1_257' title='bbox 2129 3719 2410 3815; x_wconf 72' lang='grc' dir='ltr'><strong><em>μᾶλλον</em></strong></span> <span class='ocrx_word' id='word_1_258' title='bbox 2441 3714 2488 3818; x_wconf 82' lang='grc' dir='ltr'><em>ἢ</em></span> <span class='ocrx_word' id='word_1_259' title='bbox 2523 3721 2656 3794; x_wconf 80' lang='grc' dir='ltr'><strong><em>νῦν</em></strong></span> 
     </span>
     <span class='ocr_line' id='line_1_32' title="bbox 446 3818 2655 3919; baseline -0.001 -27"><span class='ocrx_word' id='word_1_260' title='bbox 446 3818 727 3916; x_wconf 81' lang='grc' dir='ltr'><strong><em>αχρεΐοι</em></strong></span> <span class='ocrx_word' id='word_1_261' title='bbox 762 3824 1053 3897; x_wconf 81' lang='grc' dir='ltr'><strong><em>ἔσονται</em></strong></span> <span class='ocrx_word' id='word_1_262' title='bbox 1089 3851 1229 3898; x_wconf 85' lang='grc' dir='ltr'><strong><em>υπο</em></strong></span> <span class='ocrx_word' id='word_1_263' title='bbox 1263 3825 1403 3899; x_wconf 81' lang='grc' dir='ltr'><strong><em>τοῦ</em></strong></span> <span class='ocrx_word' id='word_1_264' title='bbox 1430 3826 1941 3919; x_wconf 81' lang='grc' dir='ltr'><strong><em>ἐκπεπλῆχθαι.</em></strong></span> <span class='ocrx_word' id='word_1_265' title='bbox 2042 3818 2223 3893; x_wconf 89' lang='lat' dir='ltr'><strong>Huic</strong></span> <span class='ocrx_word' id='word_1_266' title='bbox 2248 3825 2404 3892; x_wconf 90' lang='lat' dir='ltr'><strong>loco</strong></span> <span class='ocrx_word' id='word_1_267' title='bbox 2441 3824 2655 3891; x_wconf 89' lang='lat' dir='ltr'><strong>simil-—</strong></span> 
     </span>
     <span class='ocr_line' id='line_1_33' title="bbox 445 3921 2651 4021; baseline 0.001 -30"><span class='ocrx_word' id='word_1_268' title='bbox 445 3923 638 3993; x_wconf 86' lang='lat' dir='ltr'><strong>limus</strong></span> <span class='ocrx_word' id='word_1_269' title='bbox 675 3934 774 3993; x_wconf 88' lang='lat' dir='ltr'><strong>est</strong></span> <span class='ocrx_word' id='word_1_270' title='bbox 817 3921 928 3994; x_wconf 90' lang='lat' dir='ltr'><strong><em>hic</em></strong></span> <span class='ocrx_word' id='word_1_271' title='bbox 981 3924 1350 3995; x_wconf 81' lang='lat' dir='ltr'><strong>Dinarchi</strong></span> <span class='ocrx_word' id='word_1_272' title='bbox 1332 3952 1403 3996; x_wconf 90' lang='grc' dir='ltr'><strong><em>ιιι</em></strong></span> <span class='ocrx_word' id='word_1_273' title='bbox 1439 3922 1790 3997; x_wconf 90' lang='lat' dir='ltr'><strong>Demosth.</strong></span> <span class='ocrx_word' id='word_1_274' title='bbox 1825 3922 1896 4021; x_wconf 79' lang='lat'><strong><em>§.</em></strong></span> <span class='ocrx_word' id='word_1_275' title='bbox 1943 3925 2219 4019; x_wconf 84' lang='lat' dir='ltr'><strong>111.p.</strong></span> <span class='ocrx_word' id='word_1_276' title='bbox 2266 3922 2651 3998; x_wconf 72' lang='lat' dir='ltr'><strong>73.Reisk.</strong></span> 
     </span>
     <span class='ocr_line' id='line_1_34' title="bbox 441 4018 2653 4155; baseline 0.002 -58"><span class='ocrx_word' id='word_1_277' title='bbox 441 4052 542 4119; x_wconf 90' lang='grc' dir='ltr'><strong><em>μη</em></strong></span> <span class='ocrx_word' id='word_1_278' title='bbox 578 4053 708 4099; x_wconf 89' lang='grc' dir='ltr'><strong><em>ουν</em></strong></span> <span class='ocrx_word' id='word_1_279' title='bbox 748 4027 1075 4119; x_wconf 78' lang='grc' dir='ltr'><strong><em>ἄχθεσθε</em></strong></span> <span class='ocrx_word' id='word_1_280' title='bbox 1117 4026 1349 4102; x_wconf 81' lang='grc' dir='ltr'><strong><em>αυτοῦ</em></strong></span> <span class='ocrx_word' id='word_1_281' title='bbox 1380 4030 1752 4111; x_wconf 80' lang='grc' dir='ltr'><strong><em>κλαίοντος</em></strong></span> <span class='ocrx_word' id='word_1_282' title='bbox 1778 4058 1897 4102; x_wconf 90' lang='grc' dir='ltr'><strong><em>και</em></strong></span> <span class='ocrx_word' id='word_1_283' title='bbox 1928 4021 2415 4155; x_wconf 76' lang='grc' dir='ltr'><strong><em>ὀδυρομένου·</em></strong></span> <span class='ocrx_word' id='word_1_284' title='bbox 2466 4018 2653 4102; x_wconf 84' lang='grc' dir='ltr'><strong><em>πολυ</em></strong></span> 
     </span>
     <span class='ocr_line' id='line_1_35' title="bbox 442 4124 2655 4256; baseline 0.007 -58"><span class='ocrx_word' id='word_1_285' title='bbox 442 4154 581 4221; x_wconf 75' lang='grc' dir='ltr'><strong><em>γαρ</em></strong></span> <span class='ocrx_word' id='word_1_286' title='bbox 615 4128 704 4200; x_wconf 80' lang='grc' dir='ltr'><strong><em>ἄν</em></strong></span> <span class='ocrx_word' id='word_1_287' title='bbox 734 4124 1190 4224; x_wconf 83' lang='grc' dir='ltr'><strong><em>δικαιότερον</em></strong></span> <span class='ocrx_word' id='word_1_288' title='bbox 1223 4127 1547 4231; x_wconf 80' lang='grc' dir='ltr'><strong><em>ἐλεήσετε</em></strong></span> <span class='ocrx_word' id='word_1_289' title='bbox 1571 4126 1709 4230; x_wconf 70' lang='grc' dir='ltr'><strong><em>τήν</em></strong></span> <span class='ocrx_word' id='word_1_290' title='bbox 1739 4125 2016 4256; x_wconf 73' lang='grc' dir='ltr'><strong><em>χώραν,</em></strong></span> <span class='ocrx_word' id='word_1_291' title='bbox 2070 4130 2157 4226; x_wconf 75' lang='grc' dir='ltr'><strong><em>ἢν</em></strong></span> <span class='ocrx_word' id='word_1_292' title='bbox 2187 4124 2400 4212; x_wconf 69' lang='grc' dir='ltr'><strong><em>οὗτος</em></strong></span> <span class='ocrx_word' id='word_1_293' title='bbox 2431 4132 2655 4204; x_wconf 64' lang='grc' dir='ltr'><strong><em>κατέ-</em></strong></span> 
     </span>
     <span class='ocr_line' id='line_1_36' title="bbox 445 4228 2651 4328; baseline 0 -27"><span class='ocrx_word' id='word_1_294' title='bbox 445 4257 699 4327; x_wconf 87' lang='grc' dir='ltr'><strong><em>στησεν</em></strong></span> <span class='ocrx_word' id='word_1_295' title='bbox 744 4236 840 4313; x_wconf 80' lang='grc' dir='ltr'><strong><em>εἰς</em></strong></span> <span class='ocrx_word' id='word_1_296' title='bbox 877 4228 1287 4322; x_wconf 74' lang='grc' dir='ltr'><strong><em>κινδύνους,</em></strong></span> <span class='ocrx_word' id='word_1_297' title='bbox 1340 4236 1655 4309; x_wconf 83' lang='grc' dir='ltr'><strong><em>τοιαῦτα</em></strong></span> <span class='ocrx_word' id='word_1_298' title='bbox 1689 4261 2053 4328; x_wconf 83' lang='grc' dir='ltr'><strong><em>πραττων.</em></strong></span> <span class='ocrx_word' id='word_1_299' title='bbox 2154 4233 2513 4302; x_wconf 84' lang='lat' dir='ltr'><strong>Bekkerus</strong></span> <span class='ocrx_word' id='word_1_300' title='bbox 2556 4233 2651 4302; x_wconf 88' lang='lat' dir='ltr'><strong><em>ibi</em></strong></span> 
     </span>
     <span class='ocr_line' id='line_1_37' title="bbox 443 4328 2653 4430; baseline -0.002 -22"><span class='ocrx_word' id='word_1_301' title='bbox 443 4328 807 4430; x_wconf 75' lang='grc' dir='ltr'><strong><em>ἐλεήσαιτε</em></strong></span> <span class='ocrx_word' id='word_1_302' title='bbox 843 4358 926 4404; x_wconf 86' lang='lat' dir='ltr'><strong><em>ex</em></strong></span> <span class='ocrx_word' id='word_1_303' title='bbox 957 4338 1338 4405; x_wconf 86' lang='lat' dir='ltr'><strong>coniectura</strong></span> <span class='ocrx_word' id='word_1_304' title='bbox 1368 4339 1597 4425; x_wconf 82' lang='lat' dir='ltr'><strong>edidit,</strong></span> <span class='ocrx_word' id='word_1_305' title='bbox 1629 4337 1829 4406; x_wconf 85' lang='lat' dir='ltr'><strong>valde</strong></span> <span class='ocrx_word' id='word_1_306' title='bbox 1856 4339 1971 4406; x_wconf 91' lang='lat' dir='ltr'><strong>illa</strong></span> <span class='ocrx_word' id='word_1_307' title='bbox 2002 4337 2275 4427; x_wconf 89' lang='lat' dir='ltr'><strong>quidem</strong></span> <span class='ocrx_word' id='word_1_308' title='bbox 2291 4336 2653 4427; x_wconf 86' lang='lat' dir='ltr'><strong>probabili,</strong></span> 
     </span>
     <span class='ocr_line' id='line_1_38' title="bbox 442 4435 2652 4535; baseline 0.002 -33"><span class='ocrx_word' id='word_1_309' title='bbox 442 4435 566 4503; x_wconf 86' lang='lat' dir='ltr'><strong><em>sed</em></strong></span> <span class='ocrx_word' id='word_1_310' title='bbox 608 4445 832 4510; x_wconf 83' lang='lat' dir='ltr'><strong>tamen</strong></span> <span class='ocrx_word' id='word_1_311' title='bbox 874 4460 1014 4508; x_wconf 88' lang='lat' dir='ltr'><strong><em>non</em></strong></span> <span class='ocrx_word' id='word_1_312' title='bbox 1059 4439 1404 4511; x_wconf 76' lang='lat' dir='ltr'><strong>evidenter</strong></span> <span class='ocrx_word' id='word_1_313' title='bbox 1444 4441 1834 4511; x_wconf 82' lang='lat' dir='ltr'><strong>necessaria.</strong></span> <span class='ocrx_word' id='word_1_314' title='bbox 1938 4442 2096 4510; x_wconf 89' lang='lat' dir='ltr'><strong><em>Non</em></strong></span> <span class='ocrx_word' id='word_1_315' title='bbox 2136 4446 2365 4535; x_wconf 86' lang='lat' dir='ltr'><strong>potest</strong></span> <span class='ocrx_word' id='word_1_316' title='bbox 2411 4461 2652 4533; x_wconf 87' lang='lat' dir='ltr'><strong>repre-</strong></span> 
     </span>
    </p>
   </div>
   <div class='ocr_carea' id='block_1_7' title="bbox 2168 4558 2231 4631">
    <p class='ocr_par' dir='ltr' id='par_1_8' title="bbox 2168 4558 2231 4631">
     <span class='ocr_line' id='line_1_39' title="bbox 2168 4558 2231 4631; baseline 0 0"><span class='ocrx_word' id='word_1_317' title='bbox 2168 4558 2231 4631; x_wconf 85' lang='lat' dir='ltr'>C</span> 
     </span>
    </p>
   </div>
  </div>
 </body>
</html>
