3284 5159
505 405 683 486 '140
1229 418 1349 480 nn
1388 418 1956 482 -PAn'rvaA
2015 416 2114 486 ἃν

560 637 679 685 σιν
708 611 814 708 εἴη
854 613 1095 684 ποιεῖν
1148 607 1201 681 ἃ
1246 602 1763 706 neonisio-al}
1817 609 1993 685 ἄνευ
2021 608 2482 711 Αθηναίων·
2535 616 2784 696 παῖδες

560 709 719 817 γοῖρ
759 711 962 806 σφῶν
1002 712 1127 785 καί
1170 719 1495 805 γυναῖκες
1541 740 1693 808 παρ
1765 709 2014 795 αυτοῖς
2056 717 2321 811 εἴησαν.
2391 717 2784 809 Xenophon

558 799 738 889 Hist.
775 816 898 884 61.
934 815 1053 883 111.
1092 814 1169 902 22,
1215 813 1337 887 23.
1378 811 1977 910 ἀποκριναμένων
2017 818 2095 892 δὲ
2129 847 2278 892 των
2322 815 2712 894 Ἠλείων”
2667 847 2784 893 οτι

560 946 649 993 ου
692 911 1076 1014 ποιήσαιεν
1116 918 1398 991 ταῦτα·
1465 922 1833 1016 ε’πιληΐδας
1882 947 2023 1018 γαρ
2067 922 2304 1013 ἔχοιεν
2342 950 2476 1003 τας
2517 916 2781 1002 πόλεις.

557 1022 743 1091 Vide
775 1020 1271 1115 Antiphontem
1302 1043 1375 1111 p.
1408 1017 1579 1090 7⁶67.
1628 1033 1698 1090 et
1728 1023 2082 1094 Demosth.
2124 1048 2195 1116 p.
2237 1020 2509 1111 15,22.
2555 1024 2782 1111 1220,

560 1125 682 1198 11.
727 1148 915 1214 seqq.
968 1124 1171 1191 Plato
1217 1124 1459 1216 Symp.
1491 1147 1567 1215 p.
1613 1125 1790 1199 201.
1833 1127 1921 1199 A.
2024 1128 2179 1197 Alia
2221 1076 2413 1198 dedit
2447 1128 2781 1198 Matthiae

552 1252 660 1322 gr.
691 1229 815 1300 61.
847 1223 919 1322 §.
953 1225 1130 1299 529.
1166 1236 1306 1297 not.
1340 1226 1409 1300 3.
1552 1272 1557 1277 -

553 1489 619 1561 δ
651 1379 1078 1553 642⁶{emunda
1133 1380 1359 1451 forma
1420 1381 1941 1502 interrogatione
2007 1385 2398 1455 continetur.
2521 1383 2776 1478 Odyss.

1493 1633 1798 1715 δύναιτό
1822 1667 1903 1733 γε
1933 1638 2051 1713 και
2079 1666 2168 1713 το
2202 1642 2532 1717 τελέσσαι
2547 1670 2576 1733 ,·

555 1795 600 1865 i.
630 1816 689 1863 e.
715 1799 1063 1886 putemne
1090 1813 1254 1861 eum
1293 1791 1487 1861 adeo
1512 1792 1654 1862 Ιιοο
1686 1816 1948 1863 ausum
1976 1788 2194 1863 esse?
2240 1793 2369 1863 Est
2399 1795 2576 1862 enim
2601 1794 2775 1863 haec

553 1897 775 1965 forma
797 1896 970 1979 talis,
1020 1904 1098 1963 ut
1127 1897 1526 1964 sententiam
1558 1897 1932 1989 cuiuspiam
1960 1896 2263 1987 exquirat
2301 1896 2390 1975 de
2432 1920 2536 1983 eo,
2588 1899 2775 1988 quod

552 2008 740 2069 recta
761 1999 1065 2067 oratione
1086 2023 1221 2091 per
1249 1999 1680 2068 indicativum
1712 2000 2015 2087 dicimuS,
2060 1993 2371 2073 δύναται
2399 2001 2626 2073 τοῦτο
2652 2030 2774 2074 τε-

551 2104 799 2177 λέσσαι
814 2129 844 2193 ,-
891 2102 1001 2170 De
1025 2101 1164 2170 hoc
1199 2096 1459 2195 genere
1497 2104 1678 2174 bene
1718 2103 2078 2194 explicavit
2105 2102 2445 2195 Reisig-ius
2471 2104 2539 2173 in
2581 2128 2767 2173 com-

550 2205 957 2276 mentatione
983 2204 1072 2275 de
1103 2204 1196 2278 ἄν
1232 2207 1568 2298 particula
1589 2230 1663 2298 p.
1701 2205 1875 2278 132.
1915 2229 2107 2296 seqq.

757 2308 994 2377 Tertia
1022 2308 1249 2376 forma
1290 2334 1373 2377 ea
1406 2319 1545 2394 est,
1598 2331 1777 2399 quae
1809 2332 1943 2401 pro
1985 2308 2344 2377 indicativo
2360 2359 2382 2395 ,
2435 2332 2593 2378 cum
2631 2310 2771 2378 aliis

550 2412 772 2481 verbis
803 2413 874 2480 in
903 2421 1090 2479 recta
1133 2413 1436 2482 oratione
1473 2422 1857 2482 constructo
1890 2415 2265 2507 optativum
2298 2412 2530 2483 habet.
2636 2413 2770 2482 So-

547 2515 834 2608 phocles
862 2513 1037 2582 Phil.
1071 2512 1244 2586 610.

756 2666 835 2748 ὃς
870 2660 996 2786 δή
994 2694 1092 2740 τα
1126 2694 1172 2740 τ
1184 2663 1405 2739 αλλ
1434 2663 1726 2741 αὐτοῖσι
1755 2661 1950 2742 ποῖντ
1962 2663 2395 2742 ἐθέσπισεν
2411 2722 2440 2757 ,

753 2769 872 2842 καί
898 2763 1078 2842 τοῖπὶ
1115 2768 1349 2867 Τροίᾳ
1369 2767 1701 2893 πέργαμ’
1730 2798 1819 2851 ως
1850 2767 1939 2844 οὐ
1961 2763 2069 2868 μή
2092 2797 2275 2842 ποτε
2367 2810 2378 2817 ·

752 2873 1092 2969 πέρσοιεν
1109 2922 1134 2959 ‚
1188 2875 1260 2945 εἰ
1280 2900 1384 2969 μη
1427 2866 1644 2947 τόνδε
1675 2872 2050 2953 πείσαντες
2079 2866 2267 2967 λόγῳ

753 2974 1057 3069 ἄγοιντο
1085 2968 1309 3071 νήσου
1341 2971 1578 3074 τῆςδ’,
1642 3003 1735 3071 etp
1806 2972 1888 3073 ἧς
1915 2976 2105 3049 ναίει
2136 2973 2384 3048 τανῦν.

545 3129 727 3198 Nam
771 3137 999 3196 rectae
1033 3130 1346 3198 orationis
1383 3138 1565 3214 erat,
1619 3155 1710 3210 ως
1750 3157 1837 3202 ου
1870 3122 1978 3224 μή
2003 3155 2185 3201 ποτε
2214 3128 2639 3222 πέρσουσιν,
2702 3128 2774 3195 εἰ

543 3225 653 3328 μή
686 3229 1014 3325 ἄγονται.
1115 3232 1211 3301 Et
1241 3233 1378 3302 hoo
1412 3232 1690 3325 quidem
1719 3255 1976 3325 genere
2003 3231 2169 3300 nihil
2195 3229 2610 3320 frequentius
2645 3236 2766 3298 est.

546 3333 797 3426 Odyss.
826 3363 878 3407 ε.
907 3331 1082 3405 237.

2122 3465 2342 3591 ἦρχε
2324 3467 2398 3543 δ
2428 3467 2631 3544 ὁδοῖο

750 3568 973 3664 νήσου
1005 3569 1126 3647 ἐπ’
1160 3574 1528 3698 ἐσχατιῆς,
1581 3570 1716 3648 ὅθι
1734 3575 2058 3699 δένδρεα
2090 3566 2342 3668 μακροῖ
2366 3568 2696 3666 πεφύκει,

749 3671 1032 3804 κλήθρη
1067 3704 1113 3749 τ
1173 3670 1489 3772 αἴγειρός
1520 3705 1567 3748 τ
1581 3671 1840 3802 ελοῖτη
1875 3672 1952 3748 τ’
1984 3671 2075 3771 ἤν
2101 3670 2628 3772 οὐρανομήκης,

753 3775 900 3854 αὖα
927 3773 1155 3852 ποῖλαι
1170 3834 1198 3869 ,
1253 3779 1639 3878 περίκηλα,
1695 3774 1795 3854 τοί
1829 3785 1903 3853 οἱ
1929 3772 2238 3851 πλωοιεν
2262 3780 2601 3876 ἑλαφρως.

553 3931 767 4029 Quae
781 3931 1031 4025 facile
1066 3941 1345 4002 natare
1389 3934 1762 4002 erederet.-
1849 3931 2010 4001 Hoc
2042 3929 2319 4019 quidem
2354 3931 2511 4000 loco
2562 3933 2761 3999 etiam

546 4059 680 4129 pro
716 4037 1137 4104 coniunctivo
1175 4044 1405 4104 rectae
1435 4038 1751 4105 orationis
1778 4035 2037 4129 positus
2065 4032 2280 4102 videri
2310 4044 2536 4127 potest
2561 4043 2760 4127 opta-

544 4139 716 4208 tivus
731 4187 752 4222 ,
805 4139 1175 4230 siquidem5
1225 4148 1302 4206 ut
1347 4134 1553 4230 supra
1593 4139 2006 4208 ostendimus
2023 4188 2043 4224 ,
2096 4138 2184 4205 ab
2209 4137 2581 4217 Homerico
2613 4161 2758 4206 ser-

545 4265 748 4310 mone
788 4264 923 4310 non
978 4240 1304 4311 abhorret
1345 4243 1479 4310 dici
1517 4242 1569 4315 εἳ
1609 4235 1939 4315 πλοίωσιν
1956 4290 1978 4326 ,
2028 4240 2101 4307 id
2140 4249 2218 4308 ut
2267 4242 2351 4310 sit
2403 4240 2491 4309 de
2534 4241 2758 4309 consi-

543 4345 635 4414 lio
668 4345 918 4414 dictum
938 4394 958 4430 ‚
1015 4366 1206 4436 quae
1243 4354 1528 4433 natent,
1579 4369 1712 4438 pro
1743 4353 1826 4413 ut
1867 4367 1958 4427 ea
1985 4352 2263 4416 natent.
2369 4344 2758 4412 Herodotus

544 4449 600 4521 1.
628 4448 750 4518 31.
783 4447 873 4530 οἷς
901 4448 979 4522 δὲ
1011 4442 1204 4523 κατοῖ
1229 4443 1364 4522 τόν
1409 4451 1678 4525 Τέλλον
1710 4448 2224 4544 προετρέψατο
2257 4443 2300 4520 ὁ
2335 4444 2593 4521 Σόλων
2623 4441 2758 4520 τόν
