3284 5159
1301 435 1470 498 LIB.
1514 436 1562 501 1.
1646 433 1842 500 cAP.
1884 439 1947 504 8.
2728 445 2776 505 9

561 629 648 699 sit
679 635 885 719 atque
916 627 1522 700 accommodatum.
1585 630 1826 720 anue
1858 629 2219 699 difficultas
2255 637 2545 724 augetur
2572 630 2773 699 etiam
2857 621 2862 622 ff

561 756 681 822 eo,
732 732 953 823 quod,
1011 734 1068 801 si
1087 735 1172 801 ab
1209 733 1486 803 aliarum
1519 734 2018 825 comparatione
2044 735 2428 826 linguarum
2458 735 2775 802 auxilium

559 845 790 929 petas,
832 837 1030 926 -quod
1076 837 1149 905 in
1186 837 1569 905 huiusmodi
1606 861 1683 906 re
1724 837 2054 928 optimum
2105 860 2252 905 esse
2295 837 2777 905 adminiculum

562 939 764 1028 solet,
815 941 1000 1008 nulla
1040 951 1143 1009 est
1175 941 1442 1032 lingua,
1494 941 1680 1007 cuius
1711 940 2054 1032 particulis
2096 939 2183 1007 ad
2226 940 2408 1007 hunc
2448 942 2656 1008 finem
2682 934 2777 1009 ita

560 1042 661 1111 'uti
704 1044 950 1135 possiS‚
990 1052 1067 1110 ut
1106 1066 1227 1111 eae
1270 1065 1407 1112 non
1446 1052 1561 1110 aut
1584 1043 1929 1129 maiorem,
1980 1052 2095 1111 aut
2134 1043 2484 1133 minorem,
2536 1054 2668 1112 aut‘
2692 1066 2779 1112 ex

563 1147 758 1238 parte
784 1147 1020 1215 saltem
1065 1146 1395 1215 diversam
1418 1147 1556 1213 vim
1582 1146 1897 1231 habeant,
1949 1167 2190 1236 eoque,
2237 1147 2401 1214 dum
2431 1147 2780 1239 explican-

565 1249 697 1317 dae
735 1250 835 1318 rei
881 1271 1018 1316 non
1059 1251 1200 1318 sine
1241 1251 1520 1317 utilitate
1567 1248 1973 1317 adhibentur
1988 1297 2012 1335 ‚
2069 1258 2298 1317 tamen
2336 1250 2533 1318 simul
2576 1250 2780 1318 etiam

565 1353 1055 1443 proclivitatem
1085 1353 1176 1420 ad
1222 1351 1581 1421 errandum
1634 1351 1937 1421 afferant.
2038 1355 2147 1422 Ac
2188 1353 2415 1421 nescio
2469 1376 2555 1422 an
2604 1352 2781 1422 haec

567 1456 790 1523 omnia
826 1457 1199 1548 praecipuo'
1237 1455 1534 1545 quodam
1562 1454 1771 1524 modo
1801 1453 2133 1546 quadrent
2174 1456 2243 1523 in
2283 1456 2649 1547 particulas
2685 1455 2779 1529 ἄν

568 1566 636 1626 et
671 1558 812 1642 κέν,
864 1559 1105 1647 quibus
1136 1582 1272 1627 non
1314 1560 1529 1628 solum
1561 1560 1628 1627 in
1657 1559 1821 1643 aliis,
1872 1580 2040 1648 quas
2070 1581 2206 1651 ego
2236 1558 2514 1648 quidem
2536 1560 2790 1646 norim‚·

413 1723 443 1737 „
565 1661 810 1753 linguis
841 1662 1064 1730 nullae
1096 1662 1466 1754 particulae
1499 1684 1583 1731 ex
1614 1662 1795 1730 omni
1820 1672 2017 1753 parte
2044 1661 2495 1753 respondent,
2549 1662 2672 1731 sed
2708 1662 2781 1730 in

566 1766 720 1855 ipsa
752 1762 1174 1834 Graecorum
1219 1766 1452 1858 lingua
1491 1764 1826 1854 quaedam
1865 1765 2238 1856 particulae
2280 1765 2454 1834 adeo
2496 1775 2648 1834 sunt
2686 1767 2781 1834 si-

567 1867 757 1935 miles
780 1916 801 1953 ,
844 1875 920 1936 ut
958 1891 1046 1937 ne
1080 1870 1167 1937 ab
1199 1868 1305 1936 his
1347 1867 1625 1958 quidem
1668 1867 2014 1958 quomodo
2046 1867 2363 1937 differant
2402 1870 2621 1964 statim
2652 1892 2782 1961 ap-

553 1978 821 2063 pareat.
939 1969 1088 2040 Sed
1144 1994 1355 2061 quum
1401 1972 1676 2039 omnino
1728 1993 1865 2039 non
1916 1970 2038 2039 nisi
2081 1969 2337 2063 duplex
2379 1971 2486 2039 via
2530 1980 2783 2063 pateat,

569 2096 775 2164 quam
805 2073 954 2163 quis
987 2074 1057 2143 in
1096 2073 1233 2142 hoc
1258 2097 1513 2167 genere
1544 2074 1812 2166 ingredi
1837 2073 2080 2166 possit,
2131 2096 2268 2141 una
2285 2124 2306 2162 ,
2354 2084 2431 2142 ut
2473 2073 2784 2143 diuturna
2833 2151 2854 2158 q

569 2186 1017 2267 accurataque
1055 2187 1365 2247 veterum
1412 2178 1815 2270 scriptorum
1861 2177 2145 2245 lectione
2189 2178 2284 2246 ita
2337 2178 2784 2270 persentiscat

570 2287 976 2372 potestatem
1023 2289 1092 2349 et
1133 2304 1331 2349 usum
1362 2281 1605 2350 harum
1648 2280 2156 2373 particularum,
2209 2280 2785 2372 quemadmodum

571 2383 860 2452 solemus
889 2383 958 2451 in
986 2384 1063 2453 iis
1107 2385 1346 2477 linguis
1361 2435 1382 2471 ‚
1437 2407 1604 2474 quas
1646 2384 2034 2474 quotidiana
2069 2386 2389 2453 sermonis
2420 2391 2784 2453 consuetu-

571 2485 730 2555 dine
755 2484 1200 2570 addiscimus3
1251 2488 1481 2574 altera,
1511 2497 1608 2573 ut,
1632 2496 2080 2579 posteaquam
2107 2486 2288 2555 hunc
2304 2511 2572 2558 sensum
2590 2510 2783 2557 com-

567 2612 849 2681 parasse
896 2591 1089 2659 nobis
1130 2589 1479 2659 videamur
1495 2641 1516 2679 ,
1566 2589 1660 2658 ad
1703 2590 1915 2659 claras
1945 2613 2101 2659 eum
2143 2591 2615 2681 distinctasque
2653 2613 2784 2660 no-

569 2694 784 2762 tiones
822 2715 1143 2770 revocare
1195 2694 1613 2779 studeamus,
1678 2716 1854 2783 quae
1903 2693 2179 2784 quidem
2221 2694 2331 2763 via
2366 2695 2510 2763 sola
2552 2696 2787 2763 relicta

572 2804 676 2864 est
701 2797 797 2883 ei,
849 2796 967 2887 qui
994 2796 1245 2866 docere
1288 2798 1465 2866 vult:
1518 2797 1910 2865 conabimur
1935 2796 2148 2884 hanc,
2200 2798 2499 2887 quamvis
2534 2796 2785 2865 diffici-

569 2899 709 2967 lem
732 2899 1150 2991 provinciam
1188 2901 1260 2967 in
1296 2923 1421 2969 nos
1453 2901 1762 2992 recipere
1777 2951 1798 2988 ‚
1848 2922 2305 2992 rogamusque
2335 2901 2621 2969 lectores
2636 2949 2656 2983 ‚
2708 2908 2786 2968 ut

570 3002 695 3071 has
715 3002 1151 3072 subtilitatum
1180 3003 1471 3092 latebras
1517 3005 1869 3073 nobiscum
1890 3012 2287 3096 perreptare
2315 3027 2400 3072 ne
2432 3002 2788 3074 fastidiant.

775 3105 948 3174 Sunt
968 3106 1035 3173 in
1063 3106 1295 3198 lingua
1323 3105 1592 3175 Graeca
1614 3116 1749 3175 tres
1777 3107 2349 3200 aliaeparticulae‚
2393 3129 2568 3196 quae
2597 3106 2783 3174 simi-

571 3209 710 3276 lem
737 3216 815 3276 ut
843 3207 933 3281 ἄν
964 3218 1034 3277 et
1077 3210 1196 3281 κέν
1230 3209 1368 3277 vim
1393 3209 1682 3298 habent,
1735 3210 1937 3298 ἴσως,
1989 3203 2170 3298 πού,
2224 3219 2294 3278 et
2320 3212 2434 3297 τέ,
2487 3210 2610 3279 sed
2651 3209 2790 3277 dif-

573 3312 795 3379 ferunt
841 3310 1064 3404 gradu
1102 3322 1171 3381 et
1200 3312 1431 3384 modo.
1511 3312 1619 3382 De
1656 3314 1799 3381 sola
1829 3315 2005 3381 enim
2042 3313 2522 3405 significatione
2551 3323 2620 3382 et
2649 3335 2790 3404 po-

571 3423 814 3483 testate
871 3436 1082 3502 nunc‚
1147 3438 1286 3485 non
1318 3414 1422 3484 ‘de
1462 3417 1954 3486 constructione
1969 3467 1990 3504 ‚
2040 3418 2303 3507 loquor.
2409 3416 2791 3486 Commune

573 3517 873 3585 omnium
897 3516 1034 3585 hoc
1060 3527 1193 3605 est,
1245 3517 1434 3607 quod
1468 3520 1861 3588 seutentiam
1885 3519 2391 3610 quodammodo
2421 3519 2789 3607 debilitant,

575 3621 774 3710 eique
844 3619 1098 3709 aliquid
1158 3621 1610 3714 ambiguitatis
1665 3622 1939 3691 addunt.
2070 3622 2277 3693 Cuius
2336 3623 2789 3715 ambiguitatis

573 3724 796 3815 primo
822 3723 1078 3815 gradus
1118 3724 1362 3793 diversi
1408 3734 1594 3794 sunt:
1649 3726 1778 3793 alia
1821 3726 1998 3794 enim
2041 3725 2417 3818 possibilia,
2470 3726 2597 3793 alia
2641 3726 2790 3793 for-

573 3826 774 3911 tuita,
826 3826 957 3895 alia
997 3828 1136 3895 veri
1179 3828 1416 3895 similia
1432 3879 1453 3915 ‚
1507 3829 1635 3902 alia
1673 3829 2053 3920 probabilia
2083 3851 2229 3897 esse
2264 3827 2564 3922 dicimus.
2667 3829 2790 3899 At-

578 3951 714 4018 que
763 3930 1063 3997 omnium
1110 3930 1384 3999 minime
1436 3940 1620 3999 certa
1668 3941 1854 4014 sunt,
1924 3931 2014 4001 de
2059 3932 2299 4021 quibus
2339 3930 2475 3999 hoc
2528 3940 2789 4000 tantum

577 4033 841 4117 scimus,
889 4053 1094 4123 posse
1125 4056 1208 4101 ea
1240 4056 1385 4101 esse
1405 4084 1426 4120 ‚
1477 4034 1601 4102 sed
1635 4035 1803 4101 nihil
1830 4034 2181 4124 habemus,
2234 4057 2382 4103 esse
2406 4033 2589 4103 unde
2621 4057 2789 4102 con-

575 4135 891 4206 ficiamus,
994 4136 1308 4204 Proxima
1331 4136 1436 4205 his
1472 4146 1646 4221 sunt,
1690 4160 1866 4227 quae
1896 4147 2120 4206 utrum
2163 4137 2312 4225 sint,
2363 4161 2451 4205 an
2481 4161 2616 4205 non
2643 4138 2789 4223 sint,

577 4237 926 4306 fortuitum
970 4248 1090 4324 est,
1143 4239 1184 4311 i.
1219 4263 1279 4308 e.
1324 4262 1408 4307 ex
1453 4241 1678 4330 aliqua
1714 4240 2096 4309 conditione
2132 4263 2550 4332 suspensum3
2604 4242 2789 4309 cuius

578 4341 822 4409 veritas
848 4340 1032 4433 prius
1069 4335 1545 4433 cognoscenda
1575 4346 1693 4430 sit,
1731 4339 1950 4433 'quam
1975 4366 2297 4426 verumne
2336 4344 2437 4427 sit,
2490 4344 2680 4432 quod
2706 4367 2791 4411 ex

580 4467 664 4512 ea
711 4444 1001 4538 pendet,
1064 4446 1366 4518 sciamus,
1470 4447 1861 4537 Sequuntur
1904 4470 2020 4538 ea,
2091 4470 2267 4538 quae
2325 4447 2499 4517 veris
2556 4447 2790 4518 similia
