3284 5159
1245 428 1430 493 LIB.
1473 428 1548 494 11.
1635 428 1834 492 cAP.
1876 433 1938 495 Β.
2589 437 2724 502 lm·

411 631 415 635 ’
505 618 835 689 caeterae
870 616 1188 686 lectiones
1223 617 1557 688 debentur
1595 618 2108 691 correctoribus.
2177 618 2389 706 Quod
2429 623 2483 691 si
2525 644 2717 692 com-

502 745 745 815 parare
782 721 928 813 quis
958 721 1142 793 volet
1188 723 1538 815 exempla,
1590 723 1663 791 in
1689 722 1929 813 quibus
1977 721 2145 816 πρὶν
2191 724 2409 792 solum
2448 734 2516 794 et
2550 726 2718 821 πρὶν

507 827 600 898 ἄν
639 825 823 918 apud
860 826 1154 917 tragicos
1201 833 1270 893 et
1304 816 1830 916 Aristophanem
1870 826 2223 918 leguntur,
2273 849 2449 915 quae
2483 829 2718 898 sedulo

504 937 737 996 notata
766 927 956 996 dedit
982 927 1341 996 Elmsleius
1368 927 1458 996 ad
1493 927 1815 997 Medeam
1854 952 1933 1020 p.
1973 926 2140 996 119.
2172 929 2373 998 facile
2413 932 2719 1001 animad-

440 1070 445 1077 -
505 1040 741 1119 vertet,
794 1032 912 1099 ubi
945 1057 1038 1101 αν
1066 1030 1368 1098 additum
1398 1040 1521 1120 est,
1574 1044 1843 1122 semper
1873 1030 2125 1121 aliquid
2156 1033 2387 1102 incerti
2419 1035 2713 1105 subesse.

364 1133 381 1159 ”
506 1157 570 1202 v.
626 1158 684 1204 c.
748 1135 817 1203 in
882 1130 1246 1225 Sophoclis
1312 1130 1634 1225 Ἀχαιῶν
1706 1130 2024 1228 συλλόγῳ
2084 1157 2193 1228 ap.
2255 1135 2502 1207 Athen.
2557 1138 2703 1207 XV.

506 1260 584 1329 p.
615 1235 900 1311 686..A

811 1485 1314 1520 ......

615 1591 833 1668 οποΐα
871 1593 988 1666 καὶ
1013 1592 1189 1688 βοῦς
1221 1586 1518 1691 ἐργάτης
1540 1641 1561 1681 ,
1609 1565 2007 1689 ἐργάζεται.

510 1748 668 1816 Νοιι
708 1756 811 1815 est
848 1746 1023 1815 enim
1061 1746 1149 1814 de
1189 1746 1526 1837 praesenti
1558 1753 1813 1815 tantum
1849 1756 2156 1838 tempore
2183 1749 2500 1838 loquutus
2524 1798 2545 1835 ‚
2598 1750 2722 1819 sed

509 1851 854 1919 universe:
904 1849 1024 1919 hic
1060 1850 1274 1917 homo
1310 1870 1454 1917 ποπ
1487 1872 1835 1941 umquam
1864 1858 2071 1937 ante,
2127 1873 2346 1942 quam
2384 1851 2557 1921 bene
2588 1875 2719 1922 sa-

513 1962 811 2023 iuratus
815 1951 1082 2045 suerit,
1135 1948 1453 2020 laborat.
1557 1953 1801 2043 Neque
1823 1975 1984 2022 vero
2008 1954 2210 2021 alium
2236 1954 2307 2021 in
2334 1977 2541 2046 prosa
2561 1976 2720 2023 ora—

511 2057 692 2125 tione
743 2078 936 2123 usum
982 2055 1281 2124 obtinere
1336 2064 1858 2124 cousentaneum
1900 2068 2021 2125 est.
2125 2057 2341 2125 Recte
2380 2058 2720 2150 Reisigius

511 2167 723 2252 negat
768 2181 942 2250 opus
982 2181 1128 2227 esse
1161 2158 1491 2251 particula
1536 2186 1628 2232 αν
1668 2158 1740 2226 in
1766 2158 1871 2228 his
1898 2159 2194 2229 Platonis
2224 2159 2313 2228 de
2351 2160 2720 2253 Legg.1x.

511 2287 585 2355 p.
616 2260 791 2334 872.
820 2263 905 2331 E.
935 2260 1076 2334 τοῦ
1107 2253 1248 2356 γοῖρ
1280 2260 1531 2334 κοινοῦ
1554 2260 1997 2352 μιανθέντος
2027 2269 2338 2355 αἵματος
2366 2259 2498 2336 οὐκ
2533 2260 2722 2337 εἶναι

512 2360 883 2471 μαθαρσιν
931 2361 1236 2486 ἄλλην,
1251 2358 1420 2436 ουδὲ
1473 2364 1823 2438 ἔκπλυτον
1866 2366 2147 2439 ἐθέλειν
2202 2364 2584 2459 γίγνεσθαι
2628 2392 2720 2439 το

511 2444 869 2589 μιανθόν,
922 2463 1089 2563 πρὶν
1135 2458 1365 2587 φόνον
1397 2459 1632 2562 φόνῳ,
1688 2464 1918 2562 ὁμοίῳ
1967 2464 2264 2561 ὅμοιον,
2315 2464 2361 2557 ἦ
2391 2462 2722 2562 δρασασα

514 2562 716 2666 ψυχῆ
742 2567 942 2665 τίσῃ,
993 2567 1114 2642 καὶ
1156 2593 1386 2665 πασης
1407 2569 1537 2667 τῆς
1569 2570 1969 2663 ξυγγενείας
1999 2596 2133 2643 τον
2163 2563 2411 2663 θνμον
2441 2566 2716 2666 αφιλα-

519 2672 796 2767 σαμένη
837 2669 1151 2767 κοιμίσῃ.
1233 2669 1329 2738 At
1377 2694 1608 2740 caussa
1637 2694 1775 2740 non
1816 2672 1888 2739 in
1925 2673 2254 2765 gravitate
2294 2681 2365 2741 et
2396 2673 2725 2766 dignitate

517 2774 833 2897 orationis
872 2771 1280 2863 quaerenda,
1333 2773 1499 2842 sed
1479 2795 1547 2842 ιιι
1569 2775 1648 2843 iis
1677 2775 1920 2863 verbis,
1972 2774 2158 2844 unde
2181 2772 2354 2844 haec
2376 2776 2723 2867 pendent.

518 2876 563 2952 ὁ
588 2902 727 2973 γαρ
758 2869 846 2974 δη
870 2873 1177 2972 μῦθοςῆ
1204 2869 1486 2969 λόγος’ἰ
1442 2904 1483 2972 η
1515 2874 1561 2950 ὅ
1595 2904 1674 2950 τι
1712 2903 1848 2974 χρη
1877 2871 2429 2974 προςαγορεύειν
2461 2872 2717 2967 αυτόν,-

516 2985 594 3054 su
640 2978 967 3052 παλαιων
1006 2978 1253 3098 ιερέων
1297 2980 1572 3105 εἴρηται
1617 3004 1897 3076 σαφως,
1955 2976 2056 3060 οἷς
2093 2977 2141 3076 ἦ
2174 3006 2322 3052 των
2372 2978 2720 3074 ξυγγενων

516 3075 852 3174 αἱμάτων
894 3104 1213 3175 τιμωρος
1253 3078 1408 3179 δίκη
1466 3081 1845 3162 ἐπίσκοπος
1888 3076 2090 3176 νόμῳ
2133 3083 2399 3180 χρῆται
2444 3081 2551 3179 τῷ
2590 3080 2724 3156 νῦν

519 3178 611 3281 δη
645 3185 1020 3275 λεχθέντι,
1070 3179 1191 3302 ’5⁰²²
1221 3182 1465 3266 ἔταξεν
1506 3182 1654 3281 ἄρα
1696 3178 2050 3280 δρασαντι
2077 3212 2155 3258 τι
2194 3184 2539 3259 τοιοῦτον
2570 3209 2724 3259 πα-
2813 3203 2820 3211 “

518 3290 687 3361 θεῖν
750 3313 991 3360 ταυτα
1054 3278 1450 3376 ἀναγκαίως
1501 3312 1688 3383 απερ
1741 3287 2062 3381 ἔδρασεν.
2166 3288 2346 3356 Nam
2394 3287 2552 3378 quia
2591 3310 2720 3357 ne-

521 3391 808 3458 cessario
851 3385 1299 3481 perpetienda
1341 3412 1489 3458 esse
1520 3389 1763 3457 eadem
1802 3388 1995 3475 dicit,
2053 3412 2229 3479 quae
2274 3390 2421 3481 quis
2464 3391 2722 3481 fecerit,

517 3502 886 3585 propterea
919 3490 1131 3588 πρίν,
1181 3492 1299 3557 ut
1280 3513 1350 3560 ιιι
1378 3515 1456 3561 re
1494 3502 1681 3560 certo
1710 3502 2230 3581 consequutura‚
2283 3494 2424 3562 sine
2465 3491 2558 3565 ἄν
2585 3516 2725 3585 po·

522 3595 672 3668 suit.
775 3595 1204 3685 Quamquam
1243 3596 1392 3682 quis
1432 3604 1642 3688 neget
1683 3604 1751 3664 et
1790 3596 1927 3663 hoc
1956 3595 2027 3663 in
2049 3597 2208 3666 loco
2225 3647 2246 3683 ‚
2301 3606 2369 3665 et
2406 3596 2628 3665 multis
2658 3597 2725 3664 in

523 3698 665 3766 aliis
683 3748 704 3785 ‚
755 3698 952 3766 etiam
979 3694 1147 3790 πρὶν
1177 3693 1268 3770 ἂν
1306 3697 1437 3766 dici
1466 3698 1815 3790 potuisse?
1864 3699 2074 3786 Nam,
2126 3700 2355 3789 prouti
2381 3722 2528 3767 rem
2559 3721 2724 3767 con-

524 3800 810 3887 sideres,
862 3823 1070 3892 saepe
1106 3798 1306 3868 etiam
1337 3802 1524 3891 quod
1560 3811 1819 3869 certum
1864 3809 1998 3889 est,
2050 3802 2180 3869 alia
2217 3802 2474 3869 ratione
2511 3809 2587 3868 ut
2620 3802 2725 3868 in-

525 3912 782 3983 certum
829 3904 1118 3996 proferri
1163 3912 1422 3995 potestt
1473 3913 1549 3972 ut
1587 3902 1703 3971 hic
1719 3956 1740 3995 ,
1792 3904 2011 3972 sinon
2034 3913 2174 3971 tam
2213 3904 2415 3992 illud,
2466 3925 2726 3994 sequu-

524 4014 743 4073 turam
822 4029 971 4076 esse
1042 4028 1401 4098 poenam‚.
1457 4029 1663 4096 quam
1752 4028 1904 4074 eam
1981 4007 2339 4097 aliquando
2354 4057 2375 4094 ‚
2458 4005 2580 4075 sed
2651 4015 2727 4074 ut

524 4108 854 4177 incertum
931 4110 1014 4178 sit
1070 4132 1210 4199 quo
1283 4120 1594 4202 tempore
1608 4163 1628 4201 ,
1702 4119 2131 4199 sequuturam
2199 4109 2425 4179 dicere
2486 4110 2725 4177 volue-

524 4212 639 4286 ris.
743 4211 968 4281 Dubia
1011 4222 1115 4280 est
1146 4213 1474 4304 scriptura
1515 4214 1587 4289 in
1627 4213 1914 4281 Politico
1940 4237 2013 4305 p.
2038 4211 2209 4281 281.
2252 4214 2338 4283 D.
2369 4211 2511 4280 aliis
2537 4211 2723 4280 libris

528 4314 699 4408 πρὶν
774 4312 906 4403 ἄν,
971 4315 1113 4384 aliis
1171 4317 1339 4412 πρὶν
1384 4312 1481 4388 αὖ
1532 4315 2047 4407 praebentibus,
2112 4316 2300 4405 quod
2350 4339 2488 4384 non
2539 4314 2724 4382 dixe-

530 4417 658 4486 rim
696 4417 949 4517 falsum¹
983 4440 1149 4488 esse.
1264 4420 1420 4487 Non
1473 4418 1793 4488 assentior
1843 4416 2182 4512 Reisigio‚
2248 4420 2316 4488 in
2374 4416 2725 4486 Aeschinis
