3284 5159
582 430 670 494 34
1265 420 1383 483 DE
1451 380 1997 482 PAR'TICVLA
2040 414 2136 484 ἄν

583 614 830 702 hendi‚
880 611 1069 704 quod
1116 614 1367 706 legitur
1413 611 1602 705 apud
1633 612 2013 681 Lucianum
2042 610 2335 705 Fugitiv.
2383 610 2504 681 24.
2548 611 2639 682 T.
2684 613 2804 684 111.

492 805 501 814 ἡ
583 745 654 815 p.
701 666 872 787 37⁹7.
919 715 1322 810 κατίωμεν,
1376 715 1466 798 ὥς
1513 714 1651 789 κᾶν
1700 711 1985 805 ὀλίγους
2022 711 2265 789 αὑτων
2307 714 2808 812 ἐπιτρίψωμεν

586 818 924 920 σήμερον.
990 820 1135 889 Sed
1169 820 1298 887 alia
1335 821 1429 887 ibi
1459 826 1679 887 exstat
1704 820 2057 909 scriptura,
2111 845 2201 898 ως
2243 814 2373 890 οὐκ
2414 817 2548 908 ἄν,
2599 841 2808 908 quam

585 935 897 1018 apertum
931 932 1032 991 est
1060 930 1177 991 aut
1205 925 1581 1013 optativum
1614 929 1732 990 aut
1756 922 2058 989 futurum
2090 922 2459 1010 requirere,
2514 950 2604 1003 ως
2629 941 2810 991 nam

585 1029 1024 1121 significante.
1126 1025 1395 1093 Eadem
1437 1027 1696 1094 ratione
1731 1053 1826 1097 τα
1829 1053 1872 1115 χ
1952 1023 2044 1097 ἂν
2088 1023 2317 1093 futuro
2363 1025 2572 1092 iunxit
2606 1027 2807 1094 Anti-

585 1133 852 1202 sthenes
892 1129 1148 1214 rhetor,
1189 1153 1259 1222 p.
1307 1128 1427 1197 30.
1476 1124 1548 1224 §.
1591 1126 1661 1196 6.
1730 1127 1832 1218 (p.
1882 1122 2003 1194 58.
2056 1126 2330 1219 Reisk.)
2397 1127 2474 1208 ὂς
2514 1153 2806 1221 πρωτον

581 1235 719 1327 μὲν
765 1230 894 1307 οῦκ
937 1228 1163 1305 οἶσθα
1217 1228 1383 1305 οὐδ’
1430 1229 1617 1313 ὅπως
1653 1232 1798 1305 ἔδει
1826 1223 2251 1321 μα’χεσθαι,
2303 1225 2466 1349 ἄλλ]
2483 1284 2512 1320 ,
2579 1258 2805 1326 ωςπερ
2858 1294 2871 1304 ,

582 1335 663 1418 ῦς
710 1336 960 1430 ἄγριος
1039 1330 1223 1431 ὀργῇ
1279 1328 1720 1429 φερόμενος,
1785 1326 1958 1421 τάχ’
2011 1330 2102 1403 ἄν
2147 1359 2330 1405 ποτε
2390 1328 2807 1416 ἀποκτενεῖς

585 1432 946 1517 σεαυτόν,
998 1438 1191 1529 κακῷ
1232 1462 1637 1533 περιπεσων
1669 1463 1796 1529 τῳ.
1899 1436 2008 1503 De
2044 1458 2181 1524 quo
2221 1459 2360 1503 non
2400 1439 2620 1528 magis
2663 1437 2806 1505 du-

582 1542 935 1610 bitandum
972 1539 1130 1630 quin
1156 1550 1342 1609 recte
1387 1539 1640 1608 dictum
1683 1540 1799 1625 sit,
1853 1560 2056 1629 quam
2103 1538 2192 1607 de
2220 1536 2374 1612 κᾶν.
2441 1538 2804 1633 Euripides

583 1646 694 1714 El.
727 1641 902 1716 485.

914 1776 1051 1852 κᾶν
1103 1774 1214 1853 ἔτ’
1266 1777 1380 1852 ἔτι
1433 1772 1700 1874 φόνιον
1745 1772 1895 1851 tino*
1946 1778 2165 1873 δέραν

916 1880 1205 1978 ὄψομαι
1259 1880 1446 1976 αἷμα
1498 1882 1727 1973 χυθὲν
1778 1875 2091 1978 σιδάρῳ·

578 2036 860 2108 Lucian.
896 2035 1369 2104 Dial.me1etr.
1406 2035 1524 2105 XI.
1569 2033 1640 2103 4.
1675 2034 1762 2103 T.
1796 2034 1913 2105 111.
1948 2057 2022 2126 p.
2057 2032 2230 2103 31⁰.
2285 2034 2451 2131 περὶ
2477 2061 2617 2132 γαρ
2657 2062 2803 2107 των

581 2139 764 2213 ἐτοῖν
799 2165 933 2209 καν
981 2134 1025 2210 ὁ
1071 2127 1362 2218 πάππος
1401 2132 1820 2236 διηγήσεταί
1864 2163 2021 2230 σοι,
2090 2138 2239 2231 εἴγε
2296 2138 2379 2234 ζῇ
2423 2140 2555 2213 ἔτι
2660 2137 2805 2207 Sed

580 2239 1026 2332 inAristoph.
1060 2239 1449 2314 Av.1314.

914 2403 1104 2464 ταχυ
1159 2373 1232 2449 δ’
1286 2405 1378 2450 αν
1430 2371 1854 2499 πολυάνορα
1904 2370 2127 2452 τάνδε
2177 2368 2396 2450 πόλιν

912 2483 1117 2552 καλεῖ
1162 2505 1274 2560 τις
1324 2473 1771 2577 ανθρωπων,

580 2612 701 2684 ubi
742 2614 1081 2708 Reisigius
1122 2638 1194 2707 p.
1240 2615 1412 2685 101.
1452 2619 1659 2690 καλεῖ
1694 2601 1952 2702 tuetur,
2002 2616 2162 2706 quia
2194 2617 2258 2686 ei
2299 2614 2392 2689 ἄν
2428 2611 2802 2709 probabili-

580 2726 792 2787 tatem
834 2718 933 2786 rei
987 2741 1239 2810 augere
1280 2720 1503 2811 potius
1559 2742 1768 2808 quam
1811 2721 2109 2788 minuere
2154 2721 2369 2788 visum
2416 2729 2518 2788 est
2536 2769 2557 2806 ‚
2641 2717 2803 2786 nihil

579 2843 855 2913 prorsus
900 2843 1037 2914 ego
1074 2822 1373 2891 invenire
1406 2845 1586 2912 queo
1630 2845 1771 2912 quo
1800 2822 2098 2889 futurum
2139 2822 2501 2914 defendam
2516 2870 2537 2907 ‚
2587 2844 2803 2913 prae-

584 2925 937 3013 feramque
988 2925 1289 3014 quamvis
1341 2948 1717 3018 paucorum
1773 2926 2099 2994 librorum
2144 2928 2517 3019 scripturae
2570 2929 2801 3010 καλοῖ,

579 3027 922 3119 plerisque
989 3027 1345 3096 doctorum
1398 3029 1748 3121 probatae,
1870 3019 2231 3098 Caeterum
2290 3038 2475 3097 recte
2538 3029 2609 3096 in
2664 3026 2801 3094 hoc

580 3135 781 3198 versu
807 3152 1025 3221 nuper
1054 3129 1141 3198 G.
1171 3131 1597 3200 Dindorfium
1623 3125 1763 3204 τοῖν
1789 3126 2002 3204 πόλιν
2039 3132 2304 3202 dedisse
2332 3140 2524 3224 puto,
2561 3130 2802 3197 Velim-

583 3255 719 3322 que
759 3234 961 3300 etiam
995 3225 1187 3323 ταχῦ
1222 3233 1362 3306 τᾶν
1399 3236 1619 3303 scribi.
1723 3234 2049 3326 Adiungit
2079 3235 2418 3329 Reisigius
2454 3233 2800 3324 Euripidis

579 3334 809 3404 locum
836 3335 1106 3405 Heracl.
1134 3334 1185 3403 Ί
1186 3333 1308 3404 69.
1338 3361 1543 3428 quem
1574 3340 1667 3406 ita
1691 3329 1949 3406 scribit:
2014 3334 2286 3412 οὔποτε
2307 3336 2627 3412 ’θνατῶν
2672 3333 2802 3433 ἥσ-

584 3440 785 3518 σονές
811 3433 989 3510 ποτ’
1035 3436 1127 3526 ἂν
1156 3439 1247 3524 ἐκ
1266 3436 1567 3534 γ’ἐμοῦ
1591 3440 2023 3534 φανοῦνται.
2077 3440 2267 3508 Libri
2299 3436 2440 3514 εἴτ’
2478 3438 2665 3533 ἐμοῦ
2690 3440 2803 3507 vel

585 3535 751 3613 οὔτ’
801 3538 1004 3633 ἐμοῦ.
1113 3541 1311 3627 Quae
1374 3543 1486 3611 hic
1538 3543 1896 3612 Elmsleius
1957 3542 2095 3610 duo
2150 3543 2536 3612 foedissima
2590 3543 2802 3610 latere

500 3642 830 3722 sinenda
868 3651 1097 3734 putat,
1147 3647 1508 3738 repetitum
1555 3645 1736 3719 ποτὲ
1783 3653 1850 3714 et
1893 3643 1984 3718 ἂν
2016 3646 2316 3725 iunctum
2342 3646 2611 3731 futuro,
2663 3666 2801 3713 non

581 3746 833 3814 menda
863 3755 1050 3834 sunt,
1104 3747 1226 3817 sed
1268 3759 1453 3818 recte
1485 3750 1860 3840 composita
1888 3749 2129 3821 oratio,
2231 3748 2359 3816 Illa
2389 3748 2615 3839 potius
2662 3747 2799 3815 duo

582 3847 818 3917 vitiosa
875 3857 1060 3939 sunt,
1130 3847 1275 3926 εἴτ’
1330 3852 1516 3943 ἐμοῦ
1526 3899 1558 3931 ,
1638 3859 1708 3920 et
1760 3851 1950 3941 quod
2008 3871 2259 3919 nomen
2315 3851 2798 3922 substantivum

470 4033 475 4037 ᾗ
584 3949 792 4021 deest.
892 3952 1269 4045 Vtrumque
1294 3955 1696 4046 removeriS‚
1741 3955 1797 4024 si
1832 3955 2209 4047 scripseris:
2253 3956 2258 3960 ’

914 4097 1097 4185 Ζεύς
1135 4131 1271 4199 μοι
1308 4101 1688 4202 σύμμαχος
1698 4161 1727 4197 ,
1782 4103 1869 4179 οῦ
1906 4105 2152 4201 φοβοῦ
2165 4149 2216 4165 -

910 4234 1053 4300 μαι
1074 4227 1092 4245 ·
1145 4203 1329 4290 Ζεῦς
1353 4237 1489 4304 μοι
1520 4206 1736 4305 χάριν
1767 4208 2050 4290 ἐνδίκως

909 4311 1099 4398 ἔχει·
1153 4310 1425 4387 οῦποτε
1454 4314 1755 4390 θνατῶν

909 4408 1171 4507 ἤσσους
1198 4414 1371 4489 θεοί
1396 4442 1539 4491 ποτ
1554 4418 1586 4460 ”
1603 4415 1696 4490 ἄν
1730 4416 1808 4491 ἕν
1835 4411 1911 4510 γ’
1937 4412 2102 4510 ἐμοὶ
2130 4412 2554 4511 φανοῦνται.
