3284 5159
1202 417 1384 481 LIB.
1430 419 1476 483 Ι.
1569 419 1768 481 cAP.
1815 421 1915 484 lo.
2590 429 2676 493 4⁹

453 608 682 677 Potuit
739 606 853 675 hic
916 606 1120 675 etiam
1170 608 1246 680 εἴ
1295 636 1414 680 κεν
1466 607 1619 682 dici.
1729 609 1847 679 Sic
1899 610 2076 678 enim
2127 578 2491 702 loquuntur
2551 638 2674 685 ve-

452 710 727 784 terrimi.
834 709 1026 785 Iliad
1083 731 1164 804 ψ
1218 705 1394 788 526

557 849 627 920 εἰ
675 848 760 920 δέ
804 840 877 917 κ’
930 845 1042 918 ἔτι
1094 849 1422 944 προτέρω
1476 849 1722 942 γένετο
1779 842 2049 973 δρόμος
2100 844 2671 945 ἀμφοτέροισιν,

559 949 663 1045 τῷ
713 950 832 1022 κέν
879 974 1014 1039 μιν
1065 947 1495 1043 παρέλασσᾍ
1550 947 1714 1023 οὐδ’
1767 944 2237 1048 ἀμφήριστον
2283 956 2565 1051 ἔθηκεν.

454 1086 549 1190 Et
603 1088 675 1155 in
725 1107 924 1154 versu
974 1085 1090 1152 illo
1142 1086 1330 1178 apud
1379 1087 1808 1157 Herodotum
1858 1088 1912 1156 1.
1972 1087 2141 1163 174.

560 1213 741 1302 Ζεΰς
790 1213 928 1315 γάρ
982 1217 1053 1293 κ’
1105 1222 1318 1321 ἔθηκε
1371 1223 1630 1317 νῆσον,
1685 1205 1875 1297 εἴ’κ’
1929 1217 2292 1318 ἐβούλετο.

454 1358 550 1427 Et
599 1381 755 1427 cum
804 1359 1234 1450 pronomine.
1289 1358 1541 1450 Odys&
1587 1389 1647 1434 ν.
1703 1354 1876 1429 205.

971 1487 1109 1585 ἐγω
1161 1497 1245 1569 δέ
1296 1522 1417 1567 κεν
1471 1494 1693 1570 ἄλλον
1745 1499 2178 1594 ἐρισθενέων
2220 1491 2586 1595 βασιλήων

560 1589 944 1694 ἐξικόμην,
1000 1594 1078 1678 ὅς
1127 1597 1247 1670 κέν
1304 1595 1421 1698 μ’,
1448 1598 1681 1694 ἐφίλει
1732 1628 1851 1673 και
1902 1602 2215 1694 ἔπεμπε
2209 1602 2553 1674 νέεσθαι.

453 1733 612 1802 Non
658 1732 1105 1801 necessarium
1156 1742 1300 1802 erat
1349 1737 1634 1805 alterum
1683 1739 1824 1810 κέ.ν
1929 1738 2107 1805 Nam
2159 1737 2411 1817 oratio,
2499 1759 2675 1828 quae

455 1858 776 1927 suspensa
827 1844 931 1903 est
980 1858 1065 1904 ex
1115 1837 1244 1904 alia
1293 1839 1655 1920 sententia,
1722 1839 1913 1908 verbi
1964 1840 2172 1908 modo
2225 1848 2488 1909 servato
2540 1862 2674 1908 non

453 1939 716 2030 indiget
745 1937 1141 2029 repetitione
1170 1942 1557 2031 particulae.
1627 1942 1816 2027 Quin
1855 1944 2258 2011 recentiores
2306 1942 2505 2010 etiam
2545 1941 2674 2009 ad-

454 2051 854 2133 spernantur
891 2042 1360 2132 repetitionem
1397 2044 1836 2140 huiusmodi„
1887 2046 2036 2113 Nec
2086 2044 2358 2137 repetiit
2406 2044 2671 2112 Home-

453 2166 568 2214 rus
602 2142 739 2214 Od.
769 2147 829 2218 δ.
855 2143 1027 2215 1Ἱ8.

1703 2353 1724 2374 ,
1782 2278 1959 2358 οὐδέ
2002 2310 2122 2356 κεν
2173 2281 2399 2380 ημέας

559 2381 735 2470 ἄλλο
791 2382 1143 2478 διέκρινεν
1202 2385 1545 2477 φιλέοντέ
1587 2413 1672 2458 τε
1722 2386 2143 2482 τερπομένω
2195 2413 2326 2474 τε,

556 2484 728 2584 πρίν
771 2482 846 2579 γ’
890 2513 1016 2559 οτε
1051 2480 1142 2586 δή
1169 2480 1538 2561 θανάτοιο
1567 2490 1799 2614 μέλαν
1827 2489 2042 2584 νέφος
2068 2481 2605 2586 αμφεκοῖλυψεν

463 2638 669 2710 Nihil
734 2662 871 2710 nos
938 2639 1392 2730 diremisset,
1486 2649 1885 2733 antequam
1951 2662 2155 2712 mors
2223 2640 2672 2712 occuluisset.

455 2745 634 2826 Nam
682 2741 755 2812 si
785 2743 1102 2835 primaria
1154 2744 1476 2822 sententia
1515 2745 1974 2814 conditionalis
2020 2753 2154 2832 est,
2220 2767 2356 2812 non
2395 2753 2676 2836 possunt

455 2869 594 2916 non
646 2846 870 2914 omnia
922 2846 1391 2915 conditionalia
1433 2871 1599 2934 esse,
1652 2870 1827 2937 quae
1869 2846 2172 2939 pendent
2209 2869 2294 2914 ex
2331 2869 2431 2916 ea.
2540 2846 2674 2917 Se-

458 2973 577 3018 cus
628 2957 763 3038 est,
818 2947 935 3017 ubi
986 2950 1312 3019 sententia
1359 2950 1753 3044 principalis
1806 2951 1948 3022 sine
1994 2949 2372 3019 conditione
2424 2959 2549 3036 est,
2600 2959 2676 3018 ut
2738 2953 2745 2976 ¹

457 3051 594 3123 Od.
649 3080 715 3125 τ.
770 3046 891 3122 25.

559 3181 803 3283 δμωοῖς
854 3184 928 3263 δ’
980 3183 1110 3261 οὐκ
1163 3191 1311 3271 εἴας
1360 3167 1961 3286 προβλωσκέμεν,
2014 3194 2106 3296 αἴ
2145 3213 2265 3260 κεν
2304 3189 2632 3284 ἔφαινον.

463 3338 651 3427 Non,
680 3339 913 3411 sivisti
964 3340 1164 3410 exire
1216 3342 1568 3428 ancillas,
1637 3363 1866 3434 quae,
1922 3340 1977 3409 si
2026 3339 2369 3424 exiissent,
2439 3341 2675 3410 lucem

436 3444 761 3539 fuissent
791 3442 1299 3537 praebiturae.
1368 3447 1502 3513 Hic
1530 3446 1586 3514 si
1617 3445 1945 3514 omisisset
1992 3443 2417 3536 particulam,
2466 3466 2675 3537 prae-

456 3549 680 3618 buisse
731 3548 875 3616 illas
926 3548 1152 3616 lucem
1203 3548 1490 3619 dixisset.

657 3651 1027 3718 Recentior
1077 3673 1235 3719 usus
1289 3673 1372 3719 eo
1422 3657 1684 3718 tantum
1735 3648 1825 3716 ab
1892 3646 2091 3738 epico
2145 3644 2413 3733 differt,
2486 3646 2676 3736 quod

455 3752 856 3845 particulam
907 3751 998 3824 ἂν
1048 3752 1118 3820 in
1172 3754 1566 3821 secundaria
1617 3750 1940 3820 sententia
1989 3771 2126 3816 non
2185 3748 2415 3833 aliter,
2469 3772 2677 3838 quam

457 3857 511 3928 si
546 3856 922 3924 necessaria
962 3864 1082 3941 est,
1137 3856 1341 3928 addit.
1414 3857 1841 3946 Temporum
1891 3852 2060 3920 ratio
2103 3849 2343 3922 eadem
2384 3861 2501 3920 est.
2570 3854 2677 3921 Ac

357 4039 361 4044 p
454 3958 676 4052 primo
714 3957 1186 4050 imperfectum
1222 3961 1627 4053 plerumque
1666 3957 1954 4025 refertur
1994 3954 2086 4022 ad
2126 3976 2463 4045 praesens.
2515 3955 2676 4024 Ari-

456 4060 679 4153 stoph.
732 4061 921 4130 Eccl.
977 4056 1148 4129 151.

560 4195 968 4320 ἐβουλόμην
1017 4198 1156 4290 μὲν
1208 4202 1461 4294 ἕτερον
1515 4192 1605 4270 ἄν
1658 4222 1807 4268 των
1858 4184 2158 4290 ἠθάδων

557 4301 787 4390 λέγειν
836 4294 938 4373 wi
986 4296 1370 4423 βέλτισθ’,
1424 4295 1527 4372 ἵν’
1577 4293 1962 4395 ἐκαθήμην
2012 4291 2308 4391 ἥσυχος·

561 4401 694 4475 νῦν
748 4399 819 4476 δ’
871 4400 1005 4476 οὐκ
1059 4395 1267 4477 ἐάσω.

2208 4513 2286 4581 D,
