3284 5159
470 417 481 434 “
551 436 666 499 ,ω
1249 432 1371 495 nr
1437 429 1988 495 PAR'nchA
2030 428 2125 498 ἂν

582 646 668 694 ex
697 622 883 691 nulla
920 621 1298 694 conditione
1338 647 1751 716 suspensam.
1852 622 2094 692 Attulit
2134 620 2469 695 Matthiae
2510 618 2582 723 §.
2626 624 2832 699 508.

580 736 716 797 not.
754 726 823 796 1.
927 726 1291 821 Sophoclis
1315 726 1496 796 hoc
1477 749 1547 796 ιιι
1576 726 1755 798 Oed.
1782 727 1870 796 R.
1903 721 2075 796 255.

786 875 956 953 οὐδ’
1008 882 1080 953 εἰ
1125 906 1264 977 γαρ
1317 876 1407 976 ἤν
1457 908 1545 953 το
1600 880 1906 976 πρᾶγμα
1958 872 2065 975 μή
2115 874 2528 976 θεήλατον,

786 973 1218 1078 ἀκάθαρτον
1259 979 1444 1076 ὑμᾶς
1497 977 1680 1063 εἰκός
1730 980 1820 1080 ἤν
1872 980 2098 1063 οὕτως
2149 984 2319 1072 ἐᾶν,

580 1143 651 1204 et
687 1134 1155 1262 Xenophontis
1186 1133 1403 1206 Mem.
1437 1134 1510 1208 S.
1543 1135 1631 1204 11.
1673 1133 1745 1221 7,
1777 1134 1898 1207 10.
1957 1138 2021 1207 εἰ
2052 1134 2187 1227 μὲν
2218 1134 2467 1209 τοίνυν
2499 1110 2801 1232 οιίσχρόν

578 1335 685 1433 ἦν
789 1341 1165 1430 Vtrumque
1200 1349 1387 1408 recte
1436 1339 1711 1409 dictum.
1814 1342 1993 1409 Nam
2040 1349 2108 1409 et
2134 1364 2275 1410 non
2321 1342 2591 1433 expiare
2640 1367 2800 1411 cae-

579 1441 774 1530 dem,
830 1451 897 1511 et
955 1447 1155 1534 turpe
1203 1443 1370 1532 quid
1408 1444 1695 1511 facere
1676 1444 1959 1535 lmpium
1993 1454 2171 1533 erat,
2223 1468 2625 1537 semperque
2656 1448 2799 1528 im,-

575 1545 769 1638 pium
816 1554 934 1614 est.
1039 1546 1277 1636 Itaque
1305 1555 1559 1613 tantum
1601 1547 1825 1633 abest,
1879 1555 1954 1615 ut
1990 1547 2164 1615 haec
2214 1549 2545 1616 anomalia
2583 1572 2797 1638 quae-

578 1649 737 1715 dam
782 1649 899 1734 sit,
954 1649 1527 1740 quemadmodum
1563 1649 1939 1717 Schaefero
1981 1651 2332 1719 videbatur
2356 1651 2425 1717 in
2450 1650 2797 1721 Meletem.

574 1774 647 1842 p.
697 1745 818 1818 55.
867 1759 943 1819 ut
996 1752 1427 1820 certissimam
1470 1753 1700 1845 legem
1756 1752 2008 1817 habeat
2063 1753 2431 1842 particulae
2492 1755 2797 1825 omissio:

576 1855 760 1923 cuius
821 1855 992 1947 legis
1054 1856 1381 1923 rationem
1406 1878 1566 1928 ,ιιοιι
1614 1863 2053 1945 perspectam
2102 1878 2247 1923 esse
2300 1879 2341 1922 a
2399 1856 2796 1943 Schaefero‚

573 1957 925 2025 manifesto
959 1958 1185 2050 prodit
1224 1957 1568 2026 adnotatio
1610 1953 1732 2023 85.
1780 1979 1854 2047 p.
1883 1955 2053 2025 129.
2160 1959 2406 2047 Neque
2447 1962 2622 2027 enim
2664 1961 2798 2053 ipsi

573 2061 785 2129 verbo
831 2060 968 2128 hoc
1012 2061 1441 2129 tribuendum
1486 2067 1621 2146 est,
1676 2059 1863 2150 quod
1908 2060 2235 2151 particula
2283 2085 2514 2130 carere
2546 2073 2794 2155 potest,

572 2162 698 2231 sed
728 2171 956 2261 potest
995 2163 1069 2230 id
1118 2171 1262 2230 tum
1304 2162 1579 2230 demum
1622 2164 1804 2247 fieri,
1859 2186 2067 2252 quum
2105 2165 2216 2251 vel
2262 2164 2591 2233 verb'um
2573 2190 2797 2258 ipsum

572 2289 710 2333 ιιοιι
760 2274 1020 2334 tantum
1063 2265 1378 2334 auxiliare
1426 2276 1558 2352 est,
1611 2265 1734 2333 sed
1772 2265 1957 2334 idem
2004 2268 2192 2357 quod
2230 2268 2390 2365 ἐξῆν
2437 2269 2793 2362 significat,

453 2411 459 2420 ι
571 2378 648 2437 ut
701 2368 890 2461 apud
929 2367 1457 2436 Demosthenem
1506 2392 1575 2460 p.
1622 2366 1812 2456 656,
1882 2367 1952 2437 6.
2008 2374 2080 2442 εἰ
2115 2396 2257 2466 γαρ
2293 2372 2515 2469 μηδὲν
2564 2376 2795 2461 εἴχετε

570 2470 719 2545 τῶν
766 2469 999 2543 ἄλλων
1044 2468 1528 2563 λογίσασθαι,
1570 2467 1760 2569 W&
1806 2469 1937 2566 ἐφ’
1986 2470 2188 2562 ῠμων
2237 2471 2478 2545 αὐτων
2527 2474 2675 2547 οἶοί
2710 2504 2793 2550 τε

452 2603 461 2620 ”
571 2570 701 2664 ἦτε
759 2573 997 2646 ταῦτα
1053 2578 1411 2659 συνεῖναι,
1481 2570 1568 2668 ἤν
1623 2577 1802 2645 ἰδεῖν
1828 2568 2319 2698 ’,παράδειγμα
2361 2572 2793 2660 Ὀλυνθίους

569 2675 1093 2754 τουτουσί,οὶ
1126 2675 1203 2748 τί
1245 2669 1718 2775 πεποιηκότος
1751 2672 1999 2757 αυτοῖς
2049 2678 2417 2750 Φιλίππου
2463 2707 2609 2761 πως
2656 2679 2791 2753 ου’-

566 2779 674 2873 τῷ
700 2779 1081 2876 κέχρηνται
1096 2806 1125 2871 ,·
1174 2780 1285 2847 vel
1311 2780 1430 2847 ubi
1472 2779 1875 2847 adiectivum
1905 2780 2184 2852 accedlt.
2202 2782 2548 2867 eiusmod1‚
2603 2785 2791 2875 quod

566 2882 820 2972 a'liquid
866 2905 994 2973 per
1040 2907 1112 2950 se
1147 2905 1385 2951 verum
1416 2883 1787 2974 significat,
1841 2893 1916 2950 ut
1955 2905 2093 2950 non
2130 2885 2341 2975 possit
2384 2889 2791 2957 contrarium

568 2986 958 3077 oppositum
1006 2986 1324 3078 cogitari,
1392 2983 1595 3053 v'eluti
1645 2986 1713 3053 in
1765 2985 1900 3053 hoc
1949 2985 2308 3077 Sophoclis
2347 2988 2416 3056 in
2460 2987 2637 3059 Oed.
2697 2994 2785 3061 R.

570 3086 1035 3197 1368.ι1ιιο(1
1071 3088 1480 3158 Schaeferus
1519 3088 1754 3158 affert:

770 3239 1113 3336 κρείσσων
1159 3234 1296 3338 γάρ
1349 3236 1547 3339 ἦσθα
1598 3237 1857 3341 μηκέτ’
1909 3240 2048 3332 ὤν,
2103 3241 2154 3339 ἢ
2202 3243 2336 3329 cciv
2386 3240 2684 3339 τυφλός,

566 3393 755 3483 quod
780 3392 964 3462 idem
1012 3402 1112 3462 est
1143 3401 1343 3484 atque
1380 3399 1714 3488 κρεῖττον
1750 3390 1881 3494 ἤν,
1930 3423 2033 3492 μη
2072 3395 2196 3494 ζῆν
2232 3423 2351 3486 σε,
2406 3394 2452 3494 ἢ
2502 3393 2784 3493 τυφλόν

566 3494 787 3581 εἶναι,
842 3505 908 3565 et
934 3497 1187 3566 ibidem
1217 3495 1439 3566 1375.
1494 3553 1499 3564 ,

766 3644 930 3722 ἀλλ’
990 3678 1033 3746 η
1088 3651 1354 3736 τέκνων
1408 3645 1576 3747 δῆτ’
1628 3648 1798 3744 ὄψις
1846 3646 1936 3748 ἦν
1988 3647 2394 3768 ἕφίμερος.’

561 3804 806 3894 Neque
835 3804 1014 3870 enim
1048 3811 1163 3870 aut
1191 3799 1280 3876 οὗ
1307 3808 1640 3898 κρεῖττον
1675 3797 1802 3897 ἦν,
1854 3812 1971 3871 aut
1998 3799 2128 3877 οὐκ
2161 3799 2249 3901 ἧν
2277 3802 2616 3902 ἐφίμερος
2647 3829 2776 3899 op-

560 3907 722 3998 poni
772 3915 1036 3998 potest,
1090 3905 1226 3984 sed⁴
1263 3907 1578 3998 opposita
1617 3906 2034 3999 cogitantur,
2089 3916 2173 3977 at
2211 3930 2475 3978 caecus
2528 3932 2642 3982 es:
2697 3917 2781 3977 at

564 4031 783 4078 cares
818 4011 1178 4105 adspectu
1221 4008 1634 4078 liberorum.
1741 4010 1977 4098 ltaque
2023 4013 2222 4080 etiam
2266 4012 2484 4080 Latini
2528 4014 2597 4080 iu
2642 4012 2779 4081 hoc

457 4200 461 4206 1
561 4135 814 4205 genere
863 4136 1000 4180 non
1047 4112 1499 4200 coniunctim,
1546 4113 1671 4180 sed
1707 4113 2067 4181 indicativo
2117 4125 2389 4183 utuntur
2404 4166 2421 4193 ‚
2484 4115 2777 4206 licebat,

565 4213 992 4309 oportebat,
1061 4238 1372 4308 aequum
1427 4224 1633 4303 erat,
1715 4224 1783 4283 et
1826 4223 2292 4307 quaecumque
2331 4228 2482 4300 suut
2536 4217 2812 4287 huius-'

559 4319 750 4388 modi
784 4319 910 4386 alia
944 4318 1264 4393 diceutes.
1350 4318 1459 4386 Ex
1487 4341 1623 4409 quo
1664 4328 1988 4410 apparet,
2040 4343 2260 4410 neque
2288 4322 2355 4388 iu
2385 4321 2509 4390 illis
2546 4344 2776 4390 exem-

558 4423 728 4515 plis,
783 4443 960 4513 quae
1003 4421 1413 4492 Schaeferus
1452 4443 1522 4514 p.
1570 4421 1740 4494 129.
1783 4422 2016 4511 affert,
2070 4423 2283 4491 omitti
2323 4425 2622 4515 potuisse
2661 4422 2774 4510 ἄν,
