3284 5159
1146 373 1312 435 LIB.
1356 374 1432 439 Π.
1521 374 1708 438 CAP.
1754 382 1854 445 lo.
1886 383 1987 446 11.
2574 382 2701 446 119

480 563 688 634 Adde
720 561 1139 655 Aeschylum
1166 562 1628 658 Supp1.129.

689 724 890 798 θεοῖς
921 714 992 790 δ
1024 720 1281 811 ἐναγέα
1310 720 1564 809 τέλεα,
1618 717 2030 842 πελομένων
2075 718 2336 814 καλῶς,
2450 724 2456 735 ”

685 817 1065 918 ἐπίδρομ’,
1121 813 1355 895 ὁπόθι
1396 817 1720 902 θάνατος
1748 818 1918 919 άπῇ.

481 974 750 1044 Eodem
780 976 1134 1066 pertinet‘
1109 982 1228 1049 ι’να
1265 976 1335 1043 iu
1361 975 1468 1096 his
1499 975 1688 1068 apud
1718 974 2158 1047 Plutarchum
2191 977 2281 1047 de
2312 978 2700 1071 garrulitate

479 1102 552 1171 p.
581 1076 757 1147 514.
796 1079 879 1182 A.
918 1078 1265 1175 φίλαυτος
1298 1073 1439 1176 γάρ
1469 1108 1566 1152 ων
1603 1079 1722 1152 καὶ
1759 1073 2134 1176 φιλόδοξος
2168 1078 2211 1153 o‘
2238 1082 2604 1169 τοιοῦτος,

687 1232 891 1324 νέμει
924 1259 1010 1304 το
1044 1233 1381 1303 πλεῖστον
1409 1230 1679 1356 ἡμέρας
1710 1225 1950 1326 τούτῳ
1983 1232 2270 1327 μέρος,

687 1331 787 1405 ἵν
819 1327 1038 1431 αὐτος
1072 1361 1305 1408 αυτοι
1336 1328 1655 1430 τυγχάνῃ
1695 1327 2081 1429 κράτιστος
2110 1333 2230 1408 ὥν.

1523 1571 1640 1640 xl.

483 1728 616 1799 De
668 1727 1170 1823 particula
1234 1723 1339 1799 ἄν
1405 1748 1599 1796 cum
1666 1725 2273 1799 coniunctivo
2342 1730 2429 1799 in
2496 1751 2702 1799 een-

1162 1846 1487 1916 tentiis
1535 1845 2022 1939 finalibus.

687 2002 876 2072 Nihil
934 2001 1344 2071 difficultatis
1405 2000 1663 2070 habent
1719 2003 2081 2073 sententiae
2138 2024 2304 2091 quas
2361 2002 2701 2073 brevitatis

483 2128 716 2175 caussa
749 2106 984 2179 finales
1025 2104 1342 2192 dicimus,
1391 2105 1433 2172 i.
1478 2128 1535 2174 e.
1572 2105 1812 2194 quibus
1857 2105 2009 2174 finis
2039 2112 2106 2174 et
2145 2105 2492 2177 consilium
2524 2105 2702 2177 indi-

438 2247 448 2255 ι
484 2221 691 2279 catur.
795 2209 922 2277 His
972 2207 1339 2277 efficiendis
1383 2208 1747 2276 inserviunt
1787 2209 2155 2299 particulae
2203 2205 2399 2305 ὄφρα
2416 2257 2438 2295 ‚
2492 2205 2699 2293 ὅπως,

482 2310 596 2401 οἷς,
646 2319 790 2389 ἵνα.
898 2311 1296 2404 Significant
1326 2318 1550 2379 autem
1586 2308 1775 2392 ὅπως
1820 2321 1888 2379 et
1942 2310 2030 2391 οἷς
2058 2312 2339 2403 proprie
2383 2321 2463 2381 ut
2482 2363 2503 2399 ,
2549 2312 2592 2380 i.
2642 2335 2699 2381 e.

485 2438 624 2507 quo
654 2423 908 2508 paeto.
1012 2413 1158 2483 Eae
1202 2415 1573 2507 particulae
1613 2413 1981 2484 indicativis
2016 2416 2380 2507 iunguntur
2417 2416 2700 2483 cuiusvis

479 2520 826 2610 tempori3‚
858 2540 1064 2608 quum
1084 2542 1230 2587 esse
1260 2517 1444 2608 quid,
1496 2518 1606 2586 vel
1633 2516 1933 2587 futurum
1961 2543 2107 2587 esse
2131 2528 2482 2609 putamus3
2536 2542 2701 2586 con-

480 2622 783 2690 iunctivis
823 2630 1048 2689 autem
1063 2669 1084 2705 ‚
1138 2644 1347 2710 quum
1374 2620 1590 2689 vereri
1626 2643 1833 2711 quem
1857 2622 2260 2708 indicarum,
2311 2646 2396 2691 ne
2430 2620 2595 2712 quid
2622 2621 2703 2688 sit

484 2734 597 2793 aut
635 2747 770 2793 uon
805 2725 905 2795 sit.
955 2722 1304 2815 Aristoph.
1336 2724 1512 2793 Ach.
1550 2722 1720 2796 343.

586 2856 746 2935 ἀλλ’
779 2859 965 2942 ὅπως
1000 2855 1108 2960 μή
1136 2857 1196 2934 ’ν
1221 2867 1373 2942 τοῖς
1404 2844 1755 2958 τρίβωσιν
1781 2855 2223 2958 ἐγκάθηνταί
2250 2885 2391 2932 που
2420 2858 2648 2935 λίθοι.

481 2997 859 3089 Aeschylus
883 3000 955 3068 in
981 2999 1391 3069 Prometheo
1418 3023 1479 3067 v.
1511 2997 1632 3074 68.

1334 3133 1522 3216 ὅπως
1546 3129 1657 3237 μῆ
1689 3130 1962 3210 σαυτόν
1993 3138 2281 3241 οἰκτιεῖς
2313 3137 2515 3209 ποτέ.

485 3273 629 3342 Sed
659 3273 1041 3366 Sophocles
1066 3275 1135 3342 in
1160 3275 1371 3343 Aiace
1398 3297 1461 3343 v.
1492 3271 1715 3342 1089.

688 3409 816 3484 καί
842 3437 959 3485 σοι
986 3411 1350 3507 προφωνῶ
1384 3404 1599 3483 τόνδε
1624 3404 1734 3507 μή
1767 3403 2125 3498 θάπτειν,
2181 3406 2370 3493 ὅπως

686 3507 792 3611 μή
819 3508 1034 3588 τόνδε
1065 3508 1419 3600 θάπτων,
1476 3509 1696 3594 αὐτός
1727 3517 1823 3594 εἰς
1851 3507 2088 3607 ταφάς
2122 3515 2352 3611 πέσῃς.

481 3650 641 3718 Νοιι
665 3650 886 3740 potuit
909 3649 1022 3717 hic
1056 3655 1263 3722 πεσεῖ
1296 3648 1540 3717 dicere.
1648 3652 1805 3719 Nou
1844 3651 2023 3718 enim
2062 3650 2197 3717 hoc
2225 3651 2525 3718 futurum
2550 3672 2695 3719 esse

480 3760 677 3845 putat
692 3800 712 3837 ‚
766 3753 889 3822 sed
918 3752 1291 3820 verendum
1318 3776 1466 3822 esse
1499 3752 1662 3820 dicit
1687 3754 1990 3840 Teucro,
2043 3754 2095 3820 si
2127 3753 2375 3823 audeat
2410 3754 2695 3846 sepelire

484 3856 783 3923 Aiacem.
885 3856 1080 3924 Plato
1122 3855 1491 3925 Phaedone
1538 3880 1607 3947 p.
1656 3854 1775 3924 77.
1824 3855 1911 3924 Β.
1957 3850 2118 3926 ἀλλ’
2158 3857 2270 3929 ἔτι
2305 3858 2691 3978 ἐνέστηκεν,

487 3985 526 4030 ο
573 3957 704 4030 νῦν
757 3951 846 4053 δη
895 3959 1138 4054 Κέβης
1179 3959 1403 4052 ἔλεγε,
1454 3987 1543 4031 το
1594 3986 1744 4033 των
1783 3957 2099 4046 πολλων,
2164 3956 2351 4039 ὅπως
2395 3951 2503 4056 μῆ
2535 3956 2692 4053 ἅμα

486 4054 1080 4158 ἀποθνήσκοντος
1093 4061 1231 4134 τοῦ
1197 4055 1645 4190 ωοἶνθρωπου
1664 4054 2322 4134 διασκεδάννυται“
2278 4092 2321 4152 η
2337 4055 2551 4159 ψυχή,
2571 4063 2690 4135 καὶ

486 4159 678 4260 αὐτῇ
703 4164 838 4236 τοῦ
876 4160 1057 4238 εἶναι
1080 4163 1316 4249 τοῦτο
1345 4168 1548 4243 τέλος
1577 4160 1642 4262 ἦ
1751 4164 1858 4233 At
1899 4161 2180 4252 obstat,
2232 4166 2479 4255 inquit,
2501 4167 2689 4234 vul-

486 4287 689 4359 gare
719 4267 907 4336 illud
927 4320 947 4356 ,
998 4268 1393 4337 verentium
1412 4319 1432 4355 ‚
1480 4291 1571 4335 ne
1615 4268 1966 4338 moriente
2001 4217 2283 4338 hom’ine
2314 4269 2690 4361 dispereat

490 4369 715 4440 etiam
763 4372 1047 4453 anima,
1099 4380 1169 4442 et
1206 4394 1365 4442 esse
1412 4371 1723 4442 desinat.
1828 4370 1969 4439 Sed
2005 4370 2234 4463 paullo
2260 4383 2417 4464 post
2446 4373 2687 4442 eadem
