3284 5159
551 438 636 499 lo
1248 432 1365 492 DE
1408 430 1953 492 PARTICVLA
1999 425 2092 494 ἄν

558 632 742 694 sun'tz
793 623 883 693 de
914 622 1155 713 quibus
1196 620 1320 690 etsi
1348 643 1485 691 non
1523 629 1786 691 constat
1813 621 2040 713 nobis,
2091 630 2317 693 tamen
2344 647 2494 693 esse
2525 645 2607 692 ea
2635 648 2770 717 po-

558 731 708 815 tius,
761 750 966 818 quam
994 749 1131 794 non
1172 749 1318 795 esse
1362 726 1718 799 credimus,
1794 727 2144 794 Postrema
2177 735 2328 794 sunt
2351 729 2769 820 probabilia:

558 855 735 922 quae
762 840 914 899 sunt
943 853 1058 917 ea,
1110 852 1284 918 quae
1313 830 1555 901 mirum
1585 821 1779 899 foret*
1796 832 1852 899 si
1883 853 2023 897 non
2059 839 2312 921 essent,
2365 833 2524 921 quia
2563 832 2772 900 ratio-

555 958 735 1019 nem,
786 956 996 1023 quare
1023 957 1171 1001 csse
1198 931 1513 1018 debeant,
1563 933 1879 1003 idoneam
1907 933 2232 1001 videmus·
2315 934 2581 1003 Eadem
2608 958 2773 1004 vero

556 1038 780 1105 omnia
813 1037 1016 1105 etiam
1047 1036 1286 1105 modos
1317 1036 1654 1127 quosdam
1686 1038 1969 1120 habent,
2021 1038 2313 1126 quisunt
2343 1037 2515 1126 duo,
2566 1039 2774 1130 positi

555 1141 625 1208 in
655 1163 777 1227 eo,
837 1140 1024 1230 quod
1073 1148 1187 1208 aut
1229 1139 1319 1207 ad
1347 1141 1565 1231 ipsam
1610 1150 1868 1209 tantum
1903 1140 2379 1231 cogitationem
2420 1141 2773 1230 loqueum,

555 1253 671 1313 aut
703 1243 793 1311 ad
822 1244 958 1326 rei,
1012 1243 1100 1310 de
1144 1266 1280 1333 qua
1309 1266 1529 1312 sermo
1557 1253 1691 1330 est,
1745 1244 2038 1333 aliquam
2090 1243 2546 1313 conditionem
2591 1246 2776 1313 refe-

556 1356 808 1415 runtur.
910 1345 1004 1414 Et
1045 1345 1159 1414 ille
1199 1345 1476 1436 quidem
1515 1347 1760 1415 modus
1779 1396 1801 1434 ,
1853 1348 1970 1436 qui
2002 1346 2093 1413 ad
2132 1347 2467 1436 loquentis
2512 1349 2774 1440 cogita-

556 1451 812 1518 tionem
850 1458 1148 1540 spectat,
1201 1451 1669 1541 complectitur
1702 1450 2044 1542 possibilia
2077 1458 2146 1517 et
2177 1450 2320 1518 veri
2363 1451 2630 1541 similia,
2684 1452 2802 1520 de‘

556 1553 801 1644 quibus
830 1553 981 1641 quis
1011 1553 1174 1620 nihil
1204 1554 1509 1643 amplius,
1550 1575 1756 1645 quam
1789 1554 1879 1621 de
1909 1552 2130 1621 alteris
2163 1576 2237 1621 se
2272 1554 2643 1646 ambigere,
2684 1555 2773 1623 de

556 1656 783 1725 alteris
832 1655 1093 1747 opinari
1149 1657 1494 1747 significat.
1597 1657 1793 1724 Alter
1830 1667 2053 1725 autem
2097 1656 2339 1725 modus
2377 1657 2652 1726 fortuita
2706 1665 2774 1726 et

556 1758 937 1852 probabilia
980 1760 1306 1843 continet,
1362 1760 1600 1850 quibus
1640 1760 1712 1827 in
1742 1761 1901 1852 ipsis
1931 1769 2032 1828 est
2062 1760 2346 1850 aliquid,
2399 1783 2607 1851 quare
2649 1762 2775 1829 sint

560 1872 676 1932 aut
712 1863 915 1947 fiant,
966 1862 1088 1929 sed
1115 1862 1282 1930 illud
1317 1863 1386 1930 in
1403 1863 1632 1931 alteris
1662 1864 2002 1955 ignotum,
2055 1873 2290 1931 notum
2320 1875 2544 1932 autem
2577 1865 2648 1931 in
2670 1865 2772 1931 al-

556 1965 737 2034 teriS.
838 1965 1078 2054 ltaque
1110 1965 1331 2056 gradu
1369 1966 1545 2035 haec
1571 1966 1666 2034 ita
1700 1990 1774 2035 se
1817 1967 2184 2057 excipiunt,
2235 1976 2312 2034 ut
2345 1966 2773 2058 possibilibus

557 2069 864 2155 fortuita,
917 2068 1199 2136 fortuitis
1233 2070 1639 2157 verisimilia,
1692 2071 1834 2138 veri
1863 2070 2177 2139 similibus
2206 2070 2587 2161 probabilia
2616 2092 2774 2139 suc-

561 2174 836 2241 cedant:
887 2171 1075 2239 modi
1121 2180 1346 2239 autem
1388 2173 1566 2240 hanc
1603 2173 1839 2241 iubent
1886 2173 2419 2241 distributionem
2463 2174 2649 2260 fieri,
2700 2180 2776 2240 ut

556 2275 899 2369 possibilia
928 2283 997 2341 et
1019 2275 1397 2343 verisimilia
1422 2275 1705 2344 fortuitis
1739 2285 1805 2343 et
1828 2276 2289 2367 probabilibus
2322 2286 2775 2368 opponantur,

560 2378 984 2472 possibilium
1038 2387 1263 2446 autem
1320 2377 1414 2446 ad
1467 2378 1846 2446 verisimilia
1899 2378 2139 2446 eadem
2195 2377 2278 2447 sit
2335 2381 2774 2471 comparatio,

559 2505 737 2571 quae
785 2480 1209 2549 fortuitorum
1241 2481 1330 2549 ad
1369 2482 1768 2574 probabilia.
1874 2482 2169 2574 Singulis
2213 2481 2459 2551 horum
2495 2506 2616 2551 sua
2647 2482 2775 2550 de-

560 2587 796 2655 stinata
827 2592 980 2651 sunt
1022 2586 1383 2654 vocabula:
1438 2608 1517 2652 ac
1556 2585 1987 2677 possibilibus
2035 2583 2311 2674 quidem
2343 2595 2412 2654 et
2446 2586 2777 2654 verisimi-

560 2690 733 2757 libus
765 2686 1086 2755 adverbia
1119 2689 1282 2768 ἴσως
1313 2698 1381 2756 et
1405 2680 1549 2761 πού
1560 2715 1590 2779 ,·
1639 2688 1928 2757 fortuitis
1964 2699 2186 2756 autem
2217 2698 2286 2757 et
2311 2690 2777 2780 probabilibus

558 2792 931 2885 particulae
973 2790 1065 2862 ἄν
1108 2791 1249 2860 sive
1295 2792 1447 2871 κέν,
1504 2799 1572 2859 et
1609 2793 1712 2864 τέ.
1820 2789 2412 2860 considerabimus
2451 2792 2624 2860 haec
2661 2795 2776 2876 ita,

558 2905 638 2964 ut
661 2896 730 2961 in
767 2894 1041 2986 singulis
1081 2895 1280 2962 etiam
1319 2894 1428 2979 id,
1481 2895 1669 2983 quod
1706 2895 1782 2962 iis
1823 2895 2215 2986 oppositum
2248 2903 2383 2978 est,
2436 2894 2793 2986 respicia-·

560 3019 747 3068 mus:
803 2997 991 3086 quod
1022 3020 1105 3065 eo
1146 3000 1360 3065 minus
1403 2998 1659 3090 negligi
1703 2998 2045 3088 convenit,
2099 3018 2236 3087 quo
2263 2998 2475 3066 maior
2505 3008 2607 3066 est
2644 2997 2779 3066 ho-

560 3123 712 3171 rum
740 3099 1187 3168 discriminum
1215 3100 1554 3172 subtilitas,

766 3203 874 3273 Ac
916 3204 1341 3295 possibilibus
1381 3202 1748 3273 indicandis
1800 3203 2069 3271 inservit
2136 3204 2300 3284 ἴσως
2320 3252 2341 3292 ,
2408 3201 2775 3297 forsitan,

565 3306 970 3376 Germanice
994 3306 1392 3384 vielleicht:
1445 3307 1632 3396 quod
1658 3313 1762 3374 est
1788 3306 2214 3392 conficientis,
2266 3306 2389 3375 sed
2407 3330 2540 3374 non
2562 3307 2778 3374 scien-

563 3411 666 3478 tis,
784 3408 872 3475 Ei
938 3408 1260 3478 adverbio
1331 3410 1719 3502 oppositum
1786 3417 1887 3476 est
1957 3411 2240 3478 verbum
2314 3409 2571 3477 nudum
2640 3410 2779 3478 sine

560 3512 929 3606 particula,
1019 3535 1158 3601 quo
1232 3512 1619 3605 simpliciter
1703 3512 1946 3579 veritas
2033 3513 2128 3581 rei
2189 3512 2534 3581 indicatur.
2637 3513 2781 3581 Ve-

562 3616 940 3685 risimilibus
1020 3626 1247 3684 autem
1305 3615 1758 3707 significandis
1822 3614 2180 3684 adhibetur
2244 3610 2413 3703 πού,
2468 3613 2780 3708 sortas-

561 3742 682 3806 se,
769 3718 1002 3788 wohl.-
1097 3719 1285 3809 quod
1358 3728 1458 3787 est
1522 3719 1848 3811 opinantis
1866 3737 1906 3802 ,·
1962 3718 2086 3786 sed
2162 3741 2300 3786 non
2368 3719 2777 3788 affirmantis,

564 3824 803 3913 Itaque
831 3824 894 3891 ei
918 3824 1233 3915 opposita
1263 3833 1415 3892 sunt
1441 3819 1490 3918 ἦ
1517 3831 1586 3891 et
1619 3815 1731 3917 δή,
1792 3821 2033 3911 quibus
2061 3821 2286 3907 utitur,
2339 3821 2455 3910 qui
2482 3823 2617 3889 ia‘m
2642 3843 2781 3889 non

565 3925 825 4018 opinari
853 3950 950 4013 se,
1003 3925 1125 3994 sed
1152 3926 1432 4000 credere
1458 3937 1658 4015 atque
1685 3923 2028 3993 confidere
2062 3925 2372 3992 affirmat.
2475 3923 2784 3992 Fortuita

564 4038 874 4099 notantur
902 4030 1243 4122 particulis
1277 4028 1369 4102 ἄν
1398 4031 1507 4097 vel
1532 4030 1683 4107 κέν,
1738 4050 1915 4117 quae
1945 4028 2187 4096 Latine
2213 4027 2618 4119 plerumque
2646 4050 2781 4096 non

561 4142 848 4226 possunt
875 4133 1190 4225 exprimi,
1225 4133 1348 4202 sed
1387 4133 1439 4201 si
1469 4155 1645 4222 quae
1671 4131 1912 4200 Latina
1948 4132 2280 4223 particula
2308 4130 2397 4198 ad
2429 4132 2783 4223 propriam

524 4238 540 4270 '·
565 4258 797 4304 earum
840 4236 973 4304 vim
1014 4235 1522 4324 quodammodo
1565 4235 1861 4321 accedit,
1914 4242 2015 4303 est
2053 4259 2134 4303 ea
2158 4233 2407 4328 sorte:
2463 4234 2781 4302 Germani

565 4340 893 4431 aptiorem
950 4339 1279 4408 habemus
1314 4340 1716 4432 particulam
1758 4331 1948 4407 etwd
1966 4388 1986 4423 ‚
2040 4339 2161 4408 sed
2199 4361 2336 4408 non
2367 4347 2591 4405 tamen
2628 4337 2782 4405 ubi—

564 4466 699 4539 que
742 4443 895 4513 satis
932 4442 1528 4550 accommodatam.
1634 4441 1763 4511 Est
1793 4450 2018 4511 autem
2056 4441 2148 4516 ἄν
2194 4450 2262 4514 et
2305 4443 2425 4516 κέν
2465 4440 2782 4511 sumentis
