3284 5159
1169 413 1337 472 LIB.
1392 412 1491 475 IV.
1581 413 1767 474 cAP.
1810 417 1918 479 ὃν
2541 422 2668 485 183

453 599 633 674 Oed.
668 599 821 674 col.
851 597 1025 671 964.

1285 760 1488 835 θεοῖς
1512 747 1652 850 γοῖρ
1686 750 1776 851 ἤν
1805 754 1994 829 οὕτω
2028 756 2240 852 φίλον

657 884 798 946 ταχ
858 852 950 928 ἄν
987 882 1061 967 τι
1090 852 1467 953 μηνίουσιν
1499 860 1594 938 εἰς
1622 861 1822 951 γένος
1853 854 2099 934 παλαι.

449 1010 565 1078 Ad
593 1019 953 1097 utrumque
980 1011 1213 1078 locum
1238 1011 1389 1078 vide
1416 1033 1592 1101 quae
1619 1010 1952 1079 adnotavi.

653 1113 758 1180 lta
805 1122 907 1180 est
956 1122 1185 1181 autem
1240 1137 1369 1207 par
1417 1114 1753 1205 participii
1801 1125 1869 1182 et
1914 1114 2211 1182 infinitivi
2257 1118 2665 1185 constructio

451 1238 608 1282 cum
641 1213 734 1286 ἄν
747 1270 774 1303 ,
827 1225 903 1283 ut
928 1217 1126 1285 etiam
1167 1217 1375 1284 futuri
1400 1218 1836 1308 participium
1881 1226 1949 1284 et
1979 1216 2425 1286 dubitationes
2467 1219 2668 1287 faciat

450 1318 726 1397 easdem
758 1342 926 1407 quas
955 1321 1097 1387 eius
1123 1320 1444 1413 temporis
1470 1321 1849 1406 infinitivuS,
1907 1329 1995 1399 et,
2047 1321 2101 1387 si
2125 1329 2226 1387 est
2248 1330 2662 1414 usurpatum,

444 1418 585 1489 ἰιοιι
627 1422 923 1512 potuerit
970 1423 1111 1490 aliis
1152 1446 1355 1513 quam
1399 1424 1755 1492 infinitivus
1804 1422 2291 1492 conditionibus
2332 1427 2658 1516 usurpari.

447 1525 556 1591 De
591 1547 675 1592 eo
712 1527 1186 1617 grammaticus
1215 1526 1519 1594 Bekkeri
1545 1549 1618 1618 p.
1654 1524 1823 1593 128.
1846 1518 2040 1617 μετοῖ
2064 1527 2455 1617 μέλλοντος
2474 1523 2662 1601 Ἰσο-

447 1620 767 1750 κράτης
747 1633 824 1700 ἐν
849 1627 956 1722 τῷ
981 1628 1146 1722 περὶ
1183 1621 1649 1708 ἀντιδόσεως·
1706 1625 1839 1716 οὐχ
1876 1654 1965 1707 ως
1999 1654 2135 1716 ουχ
2169 1625 2386 1723 ηδέως
2416 1626 2507 1721 ἄν
2538 1658 2662 1702 τι-

449 1724 592 1801 νών
653 1756 802 1821 μου
868 1731 1544 1824 καταψευσομένων.
1650 1731 1746 1798 At
1803 1730 2000 1798 huius
2066 1753 2341 1820 quoque
2393 1734 2662 1822 generis

449 1832 761 1923 exempla
804 1832 951 1900 fere
997 1833 1310 1901 codicum
1349 1833 1591 1902 auxilio
1640 1840 1901 1902 remota
1945 1842 2130 1917 sunt,
2181 1843 2256 1901 ut
2289 1833 2480 1924 apud
2512 1834 2662 1904 Iso,-

448 1943 699 2002 cratem
726 1958 799 2036 p.
847 1922 1370 2027 142.B.ap111d
1411 1935 1939 2005 Demosthenem
1975 1960 2049 2028 Ρ.
2083 1934 2257 2022 204,
2283 1935 2408 2009 23.
2511 1938 2661 2008 Nec

448 2037 728 2105 dubium
759 2047 861 2105 est
878 2086 898 2123 ,
951 2040 1110 2128 quin
1156 2041 1355 2108 etiam
1389 2039 1478 2106 de
1517 2040 1745 2108 futuro
1786 2049 2097 2132 tempore
2137 2048 2498 2167 usurpetur
2533 2064 2661 2110 ao-

445 2140 585 2209 risti
608 2141 1037 2233 participium
1068 2164 1220 2211 cum
1248 2141 1365 2216 ἄν.
1444 2142 1894 2234 Thucydides
1922 2142 2044 2216 111.
2075 2141 2196 2214 37.
2256 2149 2338 2213 οὶ
2324 2142 2492 2234 μὲν
2518 2137 2658 2240 γοὶρ

444 2243 592 2317 τῶν
622 2271 709 2318 τε
733 2236 982 2334 νόμων
1014 2240 1420 2365 σοφώτεροι
1461 2239 1859 2337 βούλονται
1900 2245 2333 2366 φαίνεσθαι,
2387 2272 2534 2319 των
2575 2274 2660 2320 τε

447 2343 561 2419 ἀεὶ
596 2348 1003 2440 λεγομένων
1030 2352 1100 2427 ἐς
1127 2341 1221 2420 τό
1251 2342 1497 2421 κοινόν
1533 2347 2126 2443 περιγίγνεσθαι,
2182 2344 2273 2426 ὥς
2310 2350 2388 2421 ἐν
2417 2345 2661 2429 ἄλλοις

441 2448 764 2541 μείζοσιν
800 2475 929 2523 ουκ
978 2447 1070 2523 ἂν
1109 2444 1556 2578 δηλώσαντες
1601 2477 1739 2548 την
1779 2477 2083 2549 γνωμην.
2183 2448 2494 2521 V11.42.
2537 2452 2655 2524 καὶ

447 2549 638 2648 ὀροῖν
681 2579 772 2624 το
809 2552 1350 2673 παρατείχισμα
1394 2553 1543 2627 τοῖν
1572 2554 2144 2648 Συρακουσίων,
2198 2547 2259 2648 ᾦ
2300 2545 2658 2627 ἐκώλυσαν

445 2653 931 2750 περιτειχίσαι
962 2655 1148 2751 σφᾶς
1180 2681 1351 2736 τους
1391 2651 1879 2752 Ἀθηναίους,
1934 2652 2212 2728 ἁπλοῦν
2246 2681 2332 2728 τε
2358 2653 2484 2744 ὅν,
2536 2657 2671 2729 καὶ·

446 2758 508 2829 εἱ
540 2751 1048 2853 ἑπιιιρατήσειέ
1070 2785 1182 2838 τις
1210 2784 1358 2830 των
1386 2785 1493 2831 τε
1498 2754 1913 2831 Ἐπιπολων
1941 2757 2070 2854 τῆς
2096 2750 2512 2849 αναβάσεως
2538 2758 2657 2831 καί

446 2854 668 2940 αὖθις
710 2859 858 2932 τοῦ
888 2862 966 2932 ἐν
1006 2855 1261 2941 αὐταῖς
1309 2863 1840 2954 στρατοπέδου,
1873 2860 2150 2980 ρᾳδίως
2180 2857 2273 2933 «ir
2314 2886 2496 2933 αυτο
2529 2863 2654 2956 λη-

446 2963 659 3057 φθέν.
710 2962 1101 3054 Xenophon
1128 2964 1349 3034 Anah.
1384 2963 1469 3032 V.
1499 2961 1573 3051 2,
1609 2961 1681 3032 8.
1707 2956 1924 3047 αὑτός
1955 2962 2031 3035 δὲ
2052 2953 2308 3055 διαβας
2340 2989 2471 3035 συν
2500 2969 2655 3045 τοῖς

444 3069 775 3158 λοχαγοῖς
820 3070 1193 3151 ἐσκοπεῖτο
1246 3059 1562 3164 πότερον
1592 3068 1730 3185 εἴη
1786 3071 2119 3192 κρεῖττον
2176 3056 2484 3157 οἱπαγειν
2535 3064 2654 3138 καὶ

444 3192 617 3247 τους
665 3161 1184 3266 διαβεβηκότας
1227 3168 1275 3266 ἢ
1324 3196 1443 3241 και
1473 3194 1642 3250 τους
1682 3166 1980 3247 ὁπλίτας
2019 3161 2510 3260 διαβιβάζειν,
2563 3196 2655 3249 ως

446 3263 750 3350 αλόντος
785 3269 876 3342 ἂν
904 3270 1046 3343 τοῦ
1075 3269 1361 3368 χωρίου.
1447 3272 1644 3359 Vide,
1696 3295 1783 3339 ne
1807 3271 2008 3363 plura
2036 3269 2336 3357 afferam,
2389 3270 2652 3339 Schae-

444 3372 663 3440 ferum
682 3371 1004 3442 inMelet.
1033 3396 1128 3448 cr
1158 3398 1235 3466 p.
1265 3370 1436 3444 125.
1470 3399 1610 3466 seq.
1642 3373 1971 3444 Matthiae
2002 3397 2105 3467 gr.
2141 3373 2263 3441 Gr.
2300 3368 2370 3467 ξ.
2392 3369 2568 3447 598.
2582 3375 2649 3443 b.

446 3474 588 3544 Sed
633 3475 821 3567 apud
862 3477 1179 3568 Xenoph.
1224 3476 1480 3605 Cyrop.
1525 3479 1576 3549 1.
1617 3473 1689 3562 6,
1723 3477 1790 3544 l.
1834 3477 2018 3567 quod
2043 3477 2318 3568 legitur:
2368 3471 2654 3550 τούτων

448 3578 523 3650 δὲ
554 3580 946 3670 φανέντων,
977 3577 1182 3653 οὐδὲν
1216 3578 1452 3653 ἄλλο”
1410 3608 1521 3654 ετι
1537 3573 2030 3671 οιωνιζόμενοι
2056 3572 2524 3674 ἑπορευοντο,
2562 3608 2653 3660 ως

447 3676 774 3753 οὐδένα*
725 3709 814 3752 αν
836 3675 1156 3777 λήσαντα
1174 3710 1272 3755 τα
1289 3683 1428 3756 τοῦ
1439 3682 1786 3776 μεγίστου
1806 3683 1990 3755 θεοῦ
2001 3687 2293 3779 σημεῖα·
2313 3680 2502 3770 quod
2514 3705 2651 3750 non

447 3790 547 3850 est
575 3805 659 3851 ex
688 3785 1063 3853 Atticorum
1092 3806 1219 3854 usu
1249 3785 1525 3869 dictum,
1566 3785 1656 3853 ad
1684 3785 1911 3878 Viger.
1942 3810 2015 3877 Ρ.
2043 3782 2214 3852 814.
2246 3784 2317 3850 in
2335 3776 2650 3879 λήσοντα

443 3886 837 3955 mutandum
858 3890 1101 3960 censui.
1152 3888 1388 3979 quue,
1419 3890 1541 3957 nisi
1520 3887 1845 4016 placet*
1796 3914 1887 3960 αν
1906 3887 2133 3974 deleri,
2170 3887 2266 3955 sic
2298 3887 2421 3954 erit
2449 3888 2648 3957 intel-

444 3988 813 4080 ligandum,
844 4018 936 4070 ως
964 3988 1053 4062 οὐ
1079 3985 1419 4087 λήσοντα,
1452 4019 1568 4064 και
1604 3987 1941 4063 οὐδένα*
1891 4020 1981 4064 αν
2006 3989 2251 4063 λα’θοι.
2306 3986 2449 4057 Sed
2467 3992 2647 4060 aori-

446 4094 528 4160 sti
541 4093 969 4184 participium
984 4115 1120 4160 ιιοιι
1130 4094 1345 4161 minus
1361 4094 1452 4162 de
1469 4117 1544 4161 re
1562 4094 1927 4186 praeterita
1941 4093 2197 4180 dicitur,
2213 4099 2286 4158 ut
2301 4093 2486 4213 apud
2498 4095 2649 4163 Iso-

450 4204 789 4289 cratemp.
822 4194 991 4263 265.
1004 4196 1088 4264 Ε.
1111 4198 1209 4277 εἰς
1228 4196 1407 4269 τοῦτ
1419 4192 1699 4311 ’ἦλθον
1726 4192 1857 4269 ουκ
1879 4193 2146 4282 ἀνοίας,
2175 4188 2360 4266 daza
2382 4196 2647 4287 μανίας

447 4294 617 4378 ὦςτε
660 4324 839 4421 προς
863 4299 1000 4391 μὲν
1030 4326 1163 4372 τον
1210 4286 1878 4394 ἐπιστρατεύσαντα
1911 4299 2029 4372 καὶ
2052 4298 2512 4393 βουληθέντα
2540 4326 2642 4372 τω

444 4400 580 4490 μὲν
625 4393 836 4474 πόλεε
885 4394 1122 4475 τούτω
1173 4428 1636 4476 πανταπασιν
1689 4397 2009 4491 ανελεΐν,
2060 4428 2231 4482 τους
2283 4396 2356 4473 δ’
2390 4397 2645 4484 ἄλλους
