3284 5159
1198 424 1574 493 'LIB..I
1662 429 1956 496 CAP..·1
2642 431 2731 496 2⁶6

511 620 797 693 alterum
843 620 939 690 sic
984 629 1089 693 est
1127 619 1519 710 dicendum,
1582 619 2165 743 προςεξαιρέεται
2205 617 2294 717 ἢν
2350 612 2727 716 βουλεται,

511 724 795 791 alterum
838 729 1408 820 προςεξαιρεῖται
1436 723 1526 819 ἢν
1570 751 1664 796 αν
1691 716 2081 850 βούληται.
2168 722 2507 792 Lucianus
2551 723 2730 795 Dial.

510 839 706 895 mort.
736 827 857 897 lx.
890 827 960 894 2.
998 827 1086 899 T.
1114 827 1167 897 l.
1199 850 1271 918 p.
1305 823 1477 901 361.
1503 825 1622 899 καὶ
1645 818 2007 921 μακάριος
2031 819 2121 925 ἦν
2151 820 2415 907 αὐτῶν,
2471 823 2731 900 ὅντινα

511 927 604 1000 ἀν
654 928 776 1002 καὶ
817 923 1052 1021 μόνον
1095 931 1568 1026 προςέβλεψα.
1672 928 1964 998 Idemin
2008 929 2301 1001 Demon.
2346 927 2466 997 1⁰.
2506 928 2595 997 Τ.
2642 929 2728 997 11.

511 1029 688 1116 379,
732 1029 853 1099 18.
913 1032 1131 1107 πλέον
1171 1032 1248 1106 δέ
1261 1029 1344 1155 ἢ
1397 1032 1709 1110 ἔλαττον
1759 1034 2008 1126 ἔχαιρε
2056 1022 2289 1105 συνοῖν
2333 1029 2551 1112 ἐνίοις
2594 1028 2732 1105 αὕ-

510 1162 695 1228 των,
744 1128 1002 1226 μόνοις
1035 1127 1495 1226 ἐξιστάμενος
1536 1128 1801 1208 ὀπόσοι
1842 1160 1935 1206 αν
1970 1128 2266 1208 ἐδόκουν
2297 1127 2500 1228 αὐτῷ
2546 1131 2729 1230 ὑπὲρ

511 1262 647 1332 την
674 1237 801 1332 τῆς
827 1237 1222 1330 θεραπείας
1250 1235 1502 1311 ἐλπίδα
1544 1230 2092 1333 διαμαρτάνειν.
2194 1236 2321 1305 His
2349 1206 2678 1327 quidem
2660 1261 2732 1306 ιιι

515 1339 779 1409 duobus
820 1340 1142 1431 exemplis
1182 1349 1505 1431 potuerat
1533 1341 1734 1408 etiam
1766 1340 2135 1432 optativus,
2186 1337 2306 1408 sed
2336 1339 2584 1408 omisso
2613 1337 2732 1429 ἄν,

511 1442 697 1536 poni.
801 1443 917 1511 Sic
968 1445 1170 1511 etiam
1211 1444 1281 1511 in
1319 1443 1458 1513 hoc
1508 1442 1942 1535 Antiphontis
1998 1442 2155 1512 loco
2195 1463 2268 1534 p.
2315 1438 2365 1508 7
2369 1439 2509 1530 68
2560 1437 2732 1534 (85.

514 1542 783 1641 5.11.)
829 1546 1081 1618 ἔπειτα
1117 1573 1253 1618 τον
1293 1571 1518 1642 χορον
1550 1549 1879 1628 συνέλεξα
1914 1572 2005 1627 ως
2034 1537 2397 1643 ἐδυνάμην
2432 1543 2732 1643 ἄριστα,

516 1645 689 1722 οὔτε
738 1642 1087 1769 ζημιώσας
1130 1644 1433 1738 οὐδένα,
1485 1647 1660 1721 οὔτε
1702 1650 1999 1745 ἐνέχυρα
2040 1645 2173 1741 βίᾳ
2216 1648 2498 1744 φέρων,
2553 1644 2728 1721 οὔτ’

515 1743 1118 1842 ἀπεχθανόμενος
1160 1747 1452 1842 ουδενί,
1507 1744 1679 1825 ἀλλ’
1724 1748 1948 1877 ὥςπερ
1981 1778 2072 1822 αν
2101 1747 2364 1838 ἥδιστα
2394 1749 2516 1822 καὶ
2563 1753 2737 1824 ἐπι-

512 1846 957 1976 τηδειότατα
981 1848 1443 1982 ἀμφοτέροις
1480 1852 1863 1976 ἐγίγνετο,
1904 1845 2044 1946 ἐγω
2076 1851 2217 1946 μὲν
2256 1852 2582 1926 ἐκέλευον
2615 1850 2738 1925 καὶ

506 1948 876 2054 ἡγούμην,
931 1961 1012 2029 οἱ
1049 1953 1121 2029 δ’
1155 1950 1437 2038 ἑκόντες
1479 1984 1598 2028 και
1633 1948 2079 2049 βουλόμενοι
2114 1953 2459 2047 ἔπεμπον
2562 1955 2737 2023 Per-

513 2059 679 2126 tinet
710 2060 800 2126 ad
845 2059 982 2127 hoc
1017 2059 1516 2129 constructionis
1544 2081 1762 2153 genus
1797 2059 1998 2126 etiam
2028 2055 2505 2126 Demosthenis
2543 2058 2735 2126 locus

513 2185 587 2254 p.
640 2160 862 2230 1106.
914 2162 1032 2230 ult.
1087 2160 1230 2235 οἱδὶ
1281 2162 1359 2238 δέ
1398 2161 1493 2259 τῇ
1548 2154 1996 2283 παρακλήσει
2043 2153 2488 2284 χρησάμενοι
2535 2186 2737 2258 περι-

516 2241 989 2357 πετάσματι,
1021 2256 1386 2388 διαθήκας
1425 2257 1984 2387 ἐμαρτύρησαν,
2038 2289 2130 2343 ως
2176 2287 2270 2335 αν
2299 2256 2620 2357 μάλισθ’
2663 2267 2740 2336 οι

518 2366 854 2441 δικασταὶ
895 2361 1174 2489 ταύτην
1207 2393 1343 2465 την
1390 2360 1804 2494 διαθήκην
1799 2365 2230 2440 ἐπίστευσαν
2277 2392 2414 2439 του
2459 2391 2740 2492 πατρος

518 2466 754 2560 εἶναι,
823 2462 964 2562 ἐγω
1010 2470 1088 2542 δέ
1133 2466 1612 2567 ἀπεκλείσθην
1662 2468 1804 2542 τοῦ
1847 2461 2069 2562 λόγου
2113 2473 2358 2558 τυχεῖν
2399 2465 2592 2574 υπέρ
2637 2495 2741 2541 ων

519 2568 917 2666 ἀδικοῦμαι
938 2626 969 2663 ,
1023 2568 1236 2645 οὗτοι
1267 2574 1378 2665 δέ,
1429 2576 1847 2699 φωραθεῖεν
1874 2565 1977 2644 vo?
2002 2571 2240 2693 ψευδῆ
2268 2596 2740 2668 μεμαρτυρη-

516 2667 754 2755 κότες·
812 2674 1055 2749 καίτοι
1088 2668 1179 2747 τό
1208 2670 1285 2769 γ’
1324 2672 1660 2749 ἐναντίον
1700 2672 1934 2769 ᾤοντο
1973 2666 2267 2747 τούτου.
2373 2672 2511 2743 Πῑί
2541 2696 2739 2761 vero,

504 2776 1062 2872 provocationis
1079 2786 1482 2871 praetextu
1510 2776 1647 2864 usi,
1698 2776 1795 2848 de
1827 2785 2260 2847 testamento
2289 2776 2543 2846 testati
2569 2784 2740 2846 sunt

518 2903 603 2950 eo
652 2880 910 2970 modo,
958 2903 1098 2973 quo
1123 2878 1501 2974 facillime
1539 2879 1821 2950 iudices
1865 2879 2006 2949 Ιιοο
2034 2879 2294 2972 patris
2344 2887 2741 2951 testamen-

522 2992 675 3053 tum
717 3006 879 3053 esse
921 2984 1268 3073 credere,
1319 3007 1463 3079 ego
1500 2993 1747 3054 autem
1775 2978 1871 3051 ab
1912 2982 2210 3053 oranda
2249 3004 2526 3052 caussa
2572 3003 2741 3051 mea
2789 3041 2794 3050 ,

517 3088 818 3158 excludi
872 3086 1256 3179 debebam,
1323 3087 1468 3181 ipsi
1500 3109 1677 3157 vero
1725 3124 1817 3139 -
1852 3083 2084 3179 falsa
2116 3086 2369 3155 testati
2403 3108 2563 3157 esse
2604 3087 2742 3155 de-

506 3190 1188 3287 prehenderentur.-
1277 3190 1487 3284 atqui
1543 3189 2002 3261 contrarium
2060 3188 2490 3282 sperabant.
2614 3190 2743 3257 Illa

520 3295 698 3363 enim
726 3291 939 3367 οὗτοι
969 3295 1088 3383 δέ,
1143 3294 1288 3384 (hic
1325 3317 1499 3365 voce
1525 3295 1835 3387 paullum
1862 3292 2155 3362 subsistit
2185 3294 2445 3384 orator)
2488 3317 2742 3389 φωρα-

518 3403 724 3471 θεῖεν
751 3389 852 3469 τά
882 3396 1118 3493 ψευδῆ
1143 3391 1809 3495 μεμαρτυρηκότες,
1860 3396 2114 3465 ironice
2143 3395 2325 3464 dicta
2354 3419 2502 3464 esse
2530 3404 2740 3488 patet.

517 3500 730 3592 Apud
768 3498 1194 3569 Herodotum
1244 3523 1408 3569 vero
1462 3500 1649 3591 quod
1678 3499 1733 3569 Ι.
1777 3496 1953 3570 108.
1993 3499 2065 3566 in
2108 3498 2513 3591 quibusdam
2557 3500 2741 3569 libris

522 3604 846 3695 scriptum
875 3611 998 3687 est,
1047 3596 1228 3696 λάβε
1256 3595 1393 3677 τόν
1421 3597 1917 3700 ἀν’Μανδάνη
1951 3602 2148 3675 ἔτεκε
2177 3605 2435 3692 παῖδα,
2485 3603 2580 3670 ita
2615 3602 2743 3671 ‹le-

518 3729 706 3774 mum
735 3730 777 3773 a
809 3706 1188 3774 soloecismi
1218 3705 1745 3800 reprehensione
1776 3707 1923 3796 quis
1948 3705 2225 3794 liberet,
2278 3707 2334 3774 si
2382 3705 2746 3774 contendat

519 3811 807 3881 veritum
836 3832 981 3877 esse
1022 3810 1409 3902 Astyagen,
1458 3833 1544 3878 ne
1586 3810 1767 3877 forte
1808 3807 2159 3878 Mandane
2191 3809 2523 3902 gemellos
2569 3819 2746 3878 esset

524 3921 639 3981 aut
687 3913 1098 4004 tergeminos
1137 3913 1348 3983 enixa.
1414 3911 1508 3980 At
1551 3911 1625 3979 id
1651 3913 1762 3980 vix
1804 3914 1930 3980 erit
1971 3912 2081 3978 cui
2106 3913 2467 4003 probetur:
2518 3921 2742 3980 recte-

523 4039 659 4106 que
707 4015 908 4083 codd.
958 4016 1269 4106 plerique
1322 4015 1629 4083 omittunt
1676 4012 1792 4086 ἄν
1895 4012 2227 4084 Offendat
2278 4015 2563 4082 fortasse
2617 4016 2743 4082 ali-

524 4142 730 4208 quem
759 4119 850 4191 ἄν
868 4119 1268 4210 etiamapud
1285 4118 1655 4186 Lucianum
1675 4118 1873 4187 Halc.
1905 4111 1978 4184 5.
2010 4111 2097 4188 Τ.
2111 4118 2163 4186 l.
2191 4140 2264 4209 p.
2296 4115 2468 4187 181.
2501 4118 2745 4190 ταῦτα

527 4215 665 4316 γάρ
709 4226 862 4301 τοῖς
901 4222 1090 4302 νέοις
1118 4249 1208 4302 ως
1239 4221 1331 4295 ἄν
1365 4216 1569 4294 εἶπον
1601 4218 1921 4300 παιδίοις
1947 4213 2109 4292 οὐδ’
2162 4223 2260 4301 εἰς
2289 4220 2464 4293 νοῦν
2495 4223 2742 4294 ἐλθεῖν

529 4317 808 4398 δυνατά
846 4322 1210 4418 φαίνεται.
1316 4326 1495 4393 Nam
1522 4333 2170 4392 commemoraverat
2195 4325 2428 4415 paullo
2461 4331 2615 4390 ante
2646 4315 2746 4394 τά

436 4529 447 4538 ⁸
526 4419 749 4522 νήπια
803 4427 1167 4512 παντελῶς
1204 4428 1439 4527 βρέφη
1471 4421 1567 4503 τά
1599 4430 1980 4523 πεμπταῖα
2011 4429 2085 4503 ἐκ
2116 4426 2400 4525 γενετῆς
2438 4425 2482 4517 ἢ
2527 4428 2744 4501 δεκα-
