3284 5159
558 422 648 490 28
1229 409 1354 473 nn:
1426 410 1985 504 PAn'rrchA
2029 410 2122 479 ἄν

564 613 764 685 ταῖα.
864 607 1010 680 Sed
1048 626 1185 672 nou
1225 611 1325 671 est
1352 626 1475 671 cur
1505 604 1924 696 discipliceat
1951 606 2075 673 ista
2103 606 2388 692 locutio,
2443 609 2625 677 cuius
2672 609 2787 678 hic

430 733 438 739 ’
570 736 799 785 sensus
831 719 969 800 est,
1019 712 1172 789 τοῖς
1206 704 1435 791 οὕτως
1469 705 1562 783 ἄν
1594 705 1685 791 οἷς
1713 705 1918 785 εἶπον
1954 710 2141 791 νέοις
2168 705 2334 786 οὖσι
2360 714 2695 794 παιδίοις.

1573 912 1758 987 Vm.

930 1067 1065 1142 De.
1113 1063 1222 1143 ἄν
1274 1085 1465 1137 cum
1514 1065 2043 1139 indicativo
2074 1067 2423 1164 futuri.

772 1221 1129 1315 Pergimus
1167 1220 1259 1289 ad
1310 1219 1403 1291 ἄν
1448 1227 1602 1287 c'um
1639 1220 1868 1291 futuro
1906 1224 2367 1310 coniunctum,
2436 1246 2574 1312 qua
2619 1245 2787 1290 con-

566 1326 931 1395 structione
946 1376 968 1413 ‚
1019 1324 1320 1413 quamvis
1359 1323 1744 1415 improbata
1768 1328 2218 1417 grammaticis
2238 1376 2259 1413 ‚
2312 1326 2487 1417 epici
2524 1334 2787 1395 veteres

567 1431 672 1512 usi
700 1437 854 1497 sunt
880 1427 1286 1519 saepissime,
1340 1448 1547 1516 quum
1578 1427 1852 1516 quidem
1881 1430 2131 1518 aliquid
2164 1429 2416 1497 fortuiti
2445 1431 2663 1498 inesse
2691 1428 2791 1496 rei

566 1533 836 1600 futurae
878 1529 1304 1598 indicandum
1346 1538 1686 1620 putarunt.
1787 1531 1929 1600 Sed
1972 1555 2194 1621 neque
2221 1531 2473 1600 Latinis
2492 1581 2512 1615 ‚
2565 1553 2792 1621 neque

545 1634 926 1702 'Germanis
953 1633 1281 1725 particula
1312 1640 1433 1718 est,
1463 1655 1638 1722 quae
1665 1634 1733 1702 in
1756 1633 1894 1702 hoc
1919 1657 2174 1728 genere
2201 1635 2456 1725 ubique
2479 1635 2789 1704 Graecae

564 1737 937 1829 particulae
963 1737 1101 1804 vim
1138 1735 1485 1827 exprimat.

771 1839 1217 1908 Nihilominus
1249 1837 1516 1929 percipi
1545 1837 1686 1906 eius
1726 1846 2025 1931 potestas
2069 1841 2321 1929 ubique
2349 1846 2593 1931 potest.
2696 1837 2793 1906 vt

566 1967 609 2012 a
642 1942 1128 2013 difficilioribus
1156 1940 1506 2032 incipiam,
1558 1941 1747 2032 quod
1772 1939 2027 2036 Odyss.
2075 1972 2138 2035 y.
2177 1941 2299 2011 86.
2333 1943 2620 2035 legitur,
2653 2009 2672 2022 ,

777 2096 1006 2194 εἴρεαι
1036 2086 1371 2168 ὁππόθεν
1406 2092 1638 2185 εἰμέν·
1680 2092 1816 2189 ἐγώ
1849 2095 1933 2168 δέ
1951 2095 2037 2169 κε’
2062 2120 2181 2168 τοι
2207 2096 2610 2185 καταλέξω,

565 2251 641 2320 id
667 2249 1077 2319 Germanice
1108 2245 1329 2314 dicas:
1379 2245 1498 2313 ich
1534 2245 1688 2314 will
1724 2246 1853 2316 dir
1882 2270 1960 2317 es
1988 2248 2182 2317 wohl
2211 2270 2471 2341 sagen.
2580 2248 2792 2350 Quod

394 2429 397 2438 Ι
567 2353 736 2443 quid
779 2352 862 2421 sit
897 2351 954 2420 si
996 2350 1367 2419 accuratius
1410 2370 1727 2437 quaeras,
1778 2361 2098 2441 apparet,
2163 2374 2429 2419 sensum
2471 2375 2654 2440 esse,
2723 2353 2793 2423 si

554 2455 700 2540 ,tibi
718 2456 1015 2550 placet,
1070 2452 1340 2525 dicam.
1443 2450 1558 2522 Sic
1586 2452 1788 2521 etiam
1817 2453 2007 2527 Iliad.
2042 2462 2094 2535 ξ.
2135 2452 2330 2540 26Ί.

775 2601 938 2679 ἀλλ’
967 2601 1126 2695 ἴθ’,
1168 2599 1308 2699 sym*
1338 2605 1425 2678 δέ
1445 2604 1528 2677 κε’
1554 2629 1675 2677 τοι
1704 2604 2056 2701 Χαρίτων
2097 2603 2279 2697 μίαν
2322 2599 2788 2704 ὁπλοτεράων

779 2703 980 2783 δώσω
1018 2703 1445 2801 ὀπυιεμέναι
1477 2706 1599 2780 καὶ
1637 2701 1770 2806 σήν
1802 2707 2198 2804 κεκλῆσθαι
2227 2706 2535 2781 ἄκοιτιν.

564 2865 724 2934 Non
744 2871 847 2932 est
885 2862 1062 2932 enim
1084 2860 1261 2929 haec
1288 2861 1500 2929 oratio
1526 2859 1914 2951 simpliciter
1942 2868 2010 2927 et
2040 2860 2178 2928 sine
2205 2861 2587 2931 conditione
2618 2855 2790 2955 pro-

564 2967 915 3055 mittentis,
967 2964 1092 3032 sed
1144 2965 1439 3052 aliquam
1471 2963 1839 3041 adiicientis
1880 2963 2393 3050 dubitationem,
2448 2966 2503 3032 si
2536 2967 2791 3035 scilicet

564 3070 760 3139 alteri
801 3070 1091 3160 placeat.
1199 3065 1595 3134 Cuiusmodi
1626 3067 1697 3133 in
1735 3067 1901 3134 locis
1931 3075 2240 3156 apertum
2282 3075 2421 3154 est,
2473 3091 2611 3137 non
2650 3092 2790 3160 po-

564 3174 771 3242 tuisse
795 3170 879 3243 τὲ
907 3170 1096 3261 poni,
1149 3168 1337 3257 quod
1369 3179 1471 3237 est
1496 3168 2004 3257 quodammodo
2036 3168 2427 3238 affirmantis
2452 3170 2546 3258 id,
2600 3172 2792 3263 quod

565 3276 716 3343 fieri
740 3279 1256 3342 cousentaneum
1284 3279 1407 3339 est.
1577 3327 1586 3335 .

770 3375 1093 3465 Apertior
1140 3383 1241 3444 est
1296 3373 1395 3443 rei
1454 3371 1770 3443 fortuitae
1816 3373 2217 3467 significatio
2261 3374 2334 3444 in
2389 3373 2497 3444 his
2542 3377 2788 3468 verbis,

565 3477 756 3549 Iliad.
783 3505 853 3551 α.
897 3473 1070 3548 139.
1575 3479 1579 3483 ’
2769 3493 2778 3510 ’

1186 3610 1231 3685 ὃ
1261 3610 1347 3686 δέ
1367 3637 1486 3685 κεν
1510 3605 2031 3701 κεχολώσεται,
2086 3607 2173 3684 ὅν
2203 3637 2325 3684 κεν
2360 3618 2645 3706 ἵκωμαι.

564 3754 721 3826 Alia
744 3752 1058 3845 exempla
1085 3748 1240 3817 vide
1269 3770 1440 3817 vers.
1468 3742 1639 3814 523.
1675 3748 1733 3818 δ.
1776 3745 1948 3816 176.
1979 3755 2032 3833 ζ.
2066 3744 2238 3815 266.
2276 3757 2351 3819 θ.
2382 3746 2555 3817 4⁰4.
2595 3776 2643 3820 ι.
2661 3747 2783 3818 61.

567 3855 755 3929 386.
789 3856 909 3925 ubi
949 3864 1176 3923 tamen
1223 3849 1624 3941 quibusdam
1678 3851 2011 3942 optativus
2055 3851 2343 3941 placuit,
2389 3873 2678 3941 eumque
2717 3854 2787 3919 in

565 3968 913 4053 postrema
943 3957 1233 4025 editione
1270 3954 1497 4046 posuit
1531 3952 1838 4022 Wolfius.
1892 3943 1952 4035 ξ.
1990 3949 2160 4020 239.
2193 3978 2253 4024 ο.
2291 3950 2464 4026 211.
2499 3981 2564 4044 ρ.
2609 3952 2784 4022 515.

568 4090 635 4155 χ.
665 4060 788 4129 42.
844 4058 981 4130 od.
1021 4063 1081 4133 δ.
1126 4056 1250 4126 86.
1289 4052 1464 4124 Ί53.
1500 4080 1586 4125 π.
1620 4053 1793 4123 29Ί.
1835 4079 1899 4151 ρ.
1947 4049 2118 4123 546.
2174 4081 2239 4128 τ.
2289 4049 2463 4127 558.
2503 4055 2588 4125 11.
2609 4056 2784 4127 Ven.

570 4162 753 4252 146..
843 4162 938 4231 Et
965 4160 1091 4240 ἄν,
1144 4159 1331 4227 Iliad.
1362 4186 1427 4249 χ.
1457 4155 1582 4231 66.
2795 4213 2799 4218 .

777 4291 1011 4372 αὐτόν
1045 4291 1118 4370 δ’
1151 4295 1243 4367 ἂν
1278 4286 1622 4385 πύματόν
1648 4321 1745 4388 με
1783 4288 1984 4373 κύνες
2009 4284 2335 4390 πρώτῃσι
2365 4287 2681 4395 θύρῃσιν

777 4396 1107 4497 ὠμησταὶ
1135 4392 1486 4498 ἐρύουσιν.
1522 4468 1533 4481 ,
