3284 5159
1256 440 1432 501 LIB.
1477 440 1526 502 Ι.
1615 440 1807 505 cAP.
1848 444 1911 506 8.
2606 442 2694 507 87

476 630 897 701 fendendum
950 630 1299 717 iudicavit,
1365 630 1554 720 quod
1593 631 1663 701 in
1702 631 1885 701 Nub.
1933 624 2159 702 1157.
2204 631 2354 700 libri
2394 629 2692 721 quidam,
2727 723 2736 734 Ι

476 737 548 803 ἰιι
576 736 790 826 iisque
829 735 1185 804 Ravennas
1211 735 1501 822 habent,

784 884 996 964 οὐδὲν
1032 881 1172 987 γοῖρ
1210 888 1303 964 ἄν
1333 918 1430 986 με
1482 888 1810 987 φλαῦρον
1846 882 2239 993 ἐρχόσεσθ’
2269 887 2408 962 ἔτι.

477 1043 595 1110 ubi
638 1043 751 1110 alii
793 1042 957 1110 libri'
994 1037 1429 1137 ἐργάσαισθ’
1474 1044 1825 1131 exhibent,
1865 1017 2220 1110 ‘non-erat
2267 1066 2389 1111 cur
2431 1043 2501 1111 in
2541 1044 2693 1135 pari

479 1168 717 1213 caussa
754 1145 1066 1213 eamdem
1093 1146 1655 1216 constructionem
1683 1147 2050 1214 damnaret.
2153 1144 2297 1214 Sed
2334 1169 2555 1237 neque
2586 1146 2691 1216 his

479 1249 852 1340 quidquam
876 1248 1306 1322 tribuendum
1325 1301 1346 1338 ‚
1396 1273 1617 1340 neque
1646 1250 1885 1341 Eurip.
1913 1248 2239 1317 Androm.
2270 1246 2441 1317 239.

791 1397 921 1475 οὐκ
958 1400 1050 1474 ἂν
1083 1403 1317 1501 σιωπῇ
1347 1398 1728 1502 Κύπριδος
1753 1396 2081 1500 οἷλγήοεις
2108 1403 2274 1499 πέρι
2290 1429 2320 1495 ,·

479 1557 599 1625 ubi
622 1557 872 1647 pariter
904 1558 1102 1629 codd.
1144 1558 1418 1647 quidam
1444 1555 1574 1631 οὐκ
1605 1553 1701 1631 αὖ
1712 1613 1742 1646 ,
1794 1557 1917 1625 viri
1943 1556 2127 1628 docti
2154 1564 2378 1626 autem
2410 1554 2690 1631 οὔκουν.

480 1660 558 1727 In
586 1657 1010 1757 Thesmoph3
1047 1661 1220 1732 814.
1249 1685 1381 1729 non
1412 1671 1596 1730 recte
1628 1661 1910 1753 legitur5

790 1809 954 1887 ἀλλ’
987 1811 1189 1910 ἡμεῖς
1220 1813 1312 1888 ἄν
1344 1807 1651 1895 πολλοῦς
1681 1807 1962 1887 τούτων

789 1914 1265 2009 ἀποδείξομεν
1298 1917 1536 1992 ταῦτα
1572 1918 1985 1997 ποιοῦντας.

479 2073 618 2143 Vbi
648 2095 855 2162 quum
880 2070 989 2139 alii
1030 2067 1520 2169 ἀποδείξωμεν
1548 2072 1917 2166 corrigant,
1968 2069 2132 2138 mihi
2160 2070 2404 2190 potius„
2428 2075 2693 2136 servato

483 2174 961 2266 ἀποδείξομεν
994 2159 1257 2243 videtu‘r
1293 2202 1386 2247 αυ
1421 2198 1552 2267 pro
1587 2174 1717 2295 ἄν’,
1774 2186 1843 2245 et
1868 2166 2063 2247 αὐτοῖ
2098 2195 2229 2265 pro
2258 2171 2496 2244 ταῦτα
2527 2171 2695 2238 scri-

479 2278 779 2348 bendum
807 2302 992 2366 esse,
1044 2284 1119 2346 ut
1153 2278 1225 2345 hi
1258 2277 1396 2346 duo
1424 2300 1655 2347 versus
1690 2279 1760 2346 in
1799 2300 2009 2347 unum
2037 2283 2496 2344 tetrametrum
2528 2295 2694 2341 con·

476 2383 858 2475 iungantur.
964 2379 1172 2501 Quod
1199 2382 1521 2473 scriptum
1548 2390 1650 2450 est
1688 2381 1877 2475 apud
1920 2378 2237 2471 Xenoph.
2266 2376 2529 2469 Ephes.
2570 2375 2689 2442 111.

479 2484 552 2553 8.
600 2508 673 2575 Ρ.
714 2482 837 2571 66,
884 2483 956 2555 9.
1003 2480 1090 2558 οὐ
1127 2478 1267 2577 γάρ
1310 2483 1658 2558 ἐντεῦθέν
1697 2486 1801 2578 με’
1842 2510 1955 2564 τις
1998 2484 2347 2568 ἐξέλοιτο,
2401 2474 2561 2552 οὐδ’
2601 2504 2696 2550 αν

480 2588 810 2686 ἐπίδοιμι
857 2614 993 2660 τον
1041 2584 1291 2683 ἥλιον,
1347 2582 1511 2659 ουδ’
1552 2613 1648 2660 αν
1692 2615 1790 2669 εις
1825 2612 1972 2681 φως
2013 2576 2439 2673 ἐλεύσομαι,
2491 2581 2560 2648 in
2608 2603 2695 2649 eo

482 2679 742 2759 facilius
785 2688 1040 2758 feras
991 2718 1082 2762 αν
1111 2689 1338 2757 futuro
1366 2689 1669 2757 additum
1685 2736 1709 2775 ,
1759 2711 1965 2780 quam
1990 2711 2128 2757 non
2159 2686 2462 2755 additum
2489 2692 2695 2774 opta-

480 2794 636 2861 tivo.
710 2793 853 2862 Sed
881 2793 1016 2862 hoc
1050 2814 1268 2883 genus
1300 2793 1705 2886 scriptorum
1729 2815 1865 2862 non
1895 2800 1993 2861 est
2026 2791 2098 2859 in
2131 2788 2451 2880 exemplis
2476 2808 2695 2879 purae

482 2896 784 2964 dictionis
808 2896 1217 2965 habendum.

681 2999 776 3066 Vt
817 3001 1016 3067 etiam
1051 2998 1128 3078 ὃς
1160 3024 1252 3072 αν
1293 3019 1448 3066 cum
1486 2996 1717 3066 futuro
1759 3015 2361 3066 commemoremus
2377 3043 2399 3081 ‚
2434 2991 2696 3060 inveni-

481 3111 591 3170 tur
622 3100 694 3169 id
733 3102 922 3225 apud
957 3102 1330 3192 Polybium
1364 3101 1742 3171 xxxvuL
1774 3097 1845 3186 5,
1874 3099 1945 3172 Ί.
1963 3126 2099 3172 και
2128 3097 2695 3215 προςεμέτρησεν

483 3210 739 3322 ἕτερον
777 3199 1122 3299 ψήφισμα
1168 3228 1637 3298 παρανομον
1721 3201 1895 3284 ὥςτε
1953 3198 2236 3327 κυρίους
2288 3194 2478 3274 εἶναι
2525 3223 2716 3281 τους,

483 3300 964 3398 ἀνθρώπους,
1021 3333 1142 3387 ους
1171 3336 1262 3379 αν
1290 3305 1405 3380 ἐπὶ
1434 3305 1835 3403 στρατηγίᾳ
1868 3298 2322 3399 αἱρήσονται.
2424 3300 2560 3369 Vbi
2590 3300 2696 3368 vi-

483 3409 822 3495 dendum,
873 3419 1096 3477 utrum
1137 3438 1228 3482 αν
1278 3409 1523 3494 deleri,
1589 3433 1713 3495 an,
1777 3407 1966 3499 quod
2007 3404 2694 3497 Schweighaeuserus

480 3513 677 3594 fecit,
731 3506 1174 3607 αἱρήσωνται
1209 3513 1409 3580 scribi
1441 3511 1711 3600 debeat,
1764 3512 1854 3581 de
1881 3533 2018 3601 qua
2047 3509 2273 3577 aoristi
2301 3509 2522 3576 forma
2553 3506 2695 3573 dis-

481 3616 742 3707 putavit
792 3614 1179 3683 Lobeckius
1240 3615 1332 3682 ad
1383 3614 1639 3705 Phryn.
1684 3639 1757 3707 Ρ.
1802 3612 1975 3684 716.
2006 3635 2238 3704 seqq.
2297 3609 2509 3716 Apud
2534 3610 2696 3676 Pla-

481 3728 709 3788 tonem
751 3716 839 3786 de
872 3718 1100 3840 Legg:
1134 3718 1286 3786 xli.
1312 3741 1383 3809 Ρ.
1422 3716 1596 3789 9-1Ί.
1629 3717 1712 3787 C.
1755 3727 1940 3787 recte
1969 3716 2194 3785 Astius
2245 3736 2330 3781 ex
2363 3701 2699 3804 Stephani

484 3820 971 3909 emendatione,
1026 3821 1150 3900 οὓς
1197 3820 1290 3893 ἄν
1337 3825 1411 3892 οἱ
1446 3813 1914 3916 προςήκοντες
1957 3818 2098 3891 τοῦ
2135 3808 2700 3913 τελευτήσαντος

483 3918 940 4016 ἐπόψωνται,
1015 3924 1407 3991 confirmata
1461 3924 1549 3989 ab
1607 3946 1745 3994 uno
1803 3922 2154 3992 duobusve
2212 3917 2417 3987 codd.
2518 3918 2698 3986 Vide

478 4025 909 4096 Lobeckium
939 4026 1028 4093 ad
1051 4026 1306 4117 Phryn.
1336 4049 1406 4117 Ρ.
1450 4023 1623 4097 734.
1723 4026 1803 4095 In
1834 4023 2273 4114 Euthydemo
2300 4044 2371 4114 Ρ.
2399 4019 2570 4089 290.
2606 4018 2695 4087 Ι).

483 4155 549 4200 ει
604 4125 779 4217 οὖν,
831 4123 879 4251 ἦ
920 4126 990 4200 δ
1030 4126 1152 4209 ὅς,
1204 4121 1532 4219 δεόμεθα
1577 4124 1843 4227 ἐκείνης
1878 4127 2007 4224 τῆς
2043 4128 2338 4221 τέχνης,
2400 4121 2561 4244 ἥτις
2604 4120 2698 4193 ἄν

483 4227 543 4325 ᾦ
583 4259 673 4303 αν
722 4224 1073 4353 κτήσηται
1125 4230 1171 4320 ἢ
1220 4225 1588 4326 ποιήσασα
1628 4229 1676 4326 ἢ
1728 4230 2278 4353 θηρευσαμένη,
2342 4219 2531 4322 αυτή
2577 4222 2700 4318 pal

481 4327 950 4428 ἐπιστήσεται
973 4334 1317 4458 χρῆσθαι,
1372 4332 1490 4407 καὶ
1518 4330 1559 4421 ἦ
1593 4359 1903 4430 τοιαυτη
1933 4325 2217 4426 ποιήσει
2244 4327 2434 4425 ἡμᾶς
2459 4355 2701 4421 μακα-

482 4434 723 4532 ρίους,
778 4433 1000 4532 ἄλλην
1042 4431 1132 4536 δή
1164 4464 1363 4528 τινα,
1418 4463 1599 4535 εφη,
1654 4440 1987 4536 ζητητέον
2017 4431 2183 4509 ἀντὶ
2225 4435 2350 4529 τῆς
2385 4456 2700 4528 στρατη-
