3284 5159
1304 442 1476 504 1213.
1519 442 1570 504 1.
1661 443 1859 508 cAP.
1907 446 1967 508 1.
2683 447 2753 512 '5

521 642 746 703 utrum
788 634 865 708 εἴ
886 661 1005 709 κεν
1046 626 1386 710 θάνατόν
1432 661 1515 730 γε
1558 659 1955 782 Pvff‘mbm‘,
2006 656 2096 703 an
2138 663 2201 709 ει
2243 631 2366 708 καὶ
2409 628 2746 711 θάνατόν

519 767 604 832 γε
641 731 1001 833 φύγοιμεν
1030 738 1236 806 dicas.
2079 789 2086 794 -

727 842 1079 927 Difficilius
1117 841 1455 934 explicatu
1497 848 1634 930 est,
1688 840 2121 932 quomodo*
2070 870 2164 915 αν
2209 865 2293 914 ex
2336 837 2479 914 ἄνα
2519 842 2743 912 dedu-

522 955 705 1012 ctum
737 919 921 1012 illam
951 945 1505 1036 significationem
1541 946 1902 1037 acceperit.
1973 946 2257 1015 Videtur
2288 957 2514 1015 tamen
2543 947 2741 1017 huius

521 1069 798 1136 quoque
834 1047 933 1115 rei
966 1048 1337 1140 probabilis
1384 1049 1555 1117 ratio
1593 1047 1823 1117 afferri
1862 1070 2085 1140 posse.
2189 1050 2527 1119 Particula
2566 1078 2738 1138 ανα,

523 1174 700 1239 quae
725 1152 938 1219 recisa
963 1151 1193 1219 ultima
1222 1152 1443 1218 littera
1470 1150 1714 1219 mansit
1733 1152 1803 1220 in
1842 1151 2247 1220 Germanica
2277 1155 2541 1244 lingua,
2590 1153 2740 1244 pri-

520 1276 711 1322 mum
751 1277 833 1321 ac
867 1255 1221 1345 proprium
1259 1275 1460 1322 usum
1490 1253 1703 1323 habet
1739 1256 1806 1322 in
1847 1254 1962 1340 iis,
2019 1279 2194 1345 quae
2228 1256 2298 1324 in
2327 1255 2599 1323 alicuius
2637 1257 2741 1324 rei

521 1358 885 1448 superficie
916 1357 1002 1424 ab
1031 1357 1168 1425 imo
1198 1356 1288 1424 ad
1320 1379 1654 1425 summum
1689 1357 1914 1426 eundo
1948 1359 2472 1451 conspiciuntur:
2517 1366 2740 1427 motus

524 1462 700 1528 enim
735 1460 1288 1552 significationem
1330 1460 1394 1528 ei
1435 1460 1807 1529 adhaerere
1833 1482 2048 1550 quum
2094 1484 2180 1531 ex
2207 1484 2293 1531 eo
2330 1461 2740 1553 intelligitur,

524 1563 714 1653 quod
758 1586 892 1631 non
928 1571 1032 1631 est
1063 1572 1225 1655 apta
1252 1563 1395 1631 visa
1424 1587 1599 1653 quae
1630 1587 1785 1631 cum
1813 1564 2028 1632 verbo
2058 1560 2247 1636 εἶναι
2288 1586 2740 1657 componere-

522 1677 653 1750 tur,
704 1676 848 1734 tum
884 1665 1088 1734 docet
1116 1690 1271 1734 usus
1298 1667 1436 1735 eius
1463 1666 1884 1753 adverbiaIiS,
1934 1676 2011 1735 ut
2040 1662 2204 1740 ἀλλ’
2239 1665 2379 1740 ἄνα
2411 1674 2483 1750 ἐξ
2514 1660 2741 1760 έδροῖ-

521 1796 684 1841 νων.
790 1768 1059 1837 Caeteri
1088 1770 1498 1861 significatus
1527 1794 1611 1838 ex
1637 1793 1758 1861 eo,
1820 1792 2024 1858 quem
2048 1770 2344 1861 primum
2370 1770 2739 1882 posuimus,

520 1873 722 1941 facile
763 1873 1085 1964 explicari
1130 1882 1445 1964 possunt,
1513 1874 1746 1962 quales
1790 1880 1942 1940 sunt
1980 1874 2380 1942 secundnm
2398 1921 2419 1957 ‚
2471 1881 2540 1941 et
2570 1895 2740 1965 per,

523 1984 592 2044 et
611 1997 924 2065 sursum,
976 1984 1181 2064 atque
1217 1975 1373 2044 inde
1407 1985 1633 2063 retra,
1663 1974 1979 2065 quoniam
2012 1985 2249 2044 natura
2277 1977 2501 2044 omnia
2530 1975 2740 2044 deor-

402 2072 411 2078 ’
522 2102 674 2148 sum
697 2080 1020 2149 feruntur.
1075 2079 1186 2147 Ex
1213 2079 1330 2147 illo
1356 2090 1580 2148 autem
1605 2078 2002 2170 significatu,
2048 2080 2162 2167 qui
2190 2087 2292 2148 est
2317 2079 2741 2165 secundum,

521 2184 640 2273 qui
681 2190 873 2275 patet
919 2182 1266 2269 latissime,
1318 2205 1446 2250 nec
1488 2191 1746 2250 tantum
1788 2180 1882 2256 ad
1923 2180 2185 2268 locum,
2236 2182 2360 2251 sed
2408 2183 2612 2250 etiam
2649 2181 2743 2249 ad

521 2286 653 2353 alia
685 2285 1008 2372 refertur,
1060 2294 1135 2355 ut
1177 2277 1326 2357 α’νοῖ
1351 2277 1658 2377 κράτος,
1710 2276 1855 2356 civo?
1885 2285 2133 2377 μέρος,
2188 2278 2336 2356 α’νοῖ
2379 2280 2615 2377 λόγον,
2682 2285 2739 2353 is

519 2411 679 2456 usus
723 2398 913 2456 natus
960 2397 1064 2455 est
1081 2436 1101 2470 ‚
1153 2410 1292 2477 quo
1331 2388 1825 2456 distributiones
1869 2396 2053 2455 certa
2098 2411 2527 2456 numerorum
2571 2409 2742 2479 pro-

517 2493 832 2584 portione
861 2491 1084 2559 factae
1113 2490 1512 2575 indicantur,
1537 2491 1607 2560 in
1633 2512 1773 2580 quo
1798 2511 2053 2581 genere
2070 2512 2195 2559 nos
2222 2492 2517 2560 similiter
2538 2513 2744 2582 par-

436 2643 445 2652 -
518 2595 723 2661 ticula
747 2618 842 2664 zu
877 2594 1144 2662 utimur.
1230 2593 1397 2662 Eius
1431 2617 1586 2663 usus
1627 2592 2155 2683 antiquissimum
2198 2594 2586 2689 exemplum
2624 2614 2746 2664 ex·-

518 2698 696 2765 stat
674 2721 746 2766 m
773 2695 1026 2789 Odyss.
1061 2725 1112 2770 ι.
1144 2694 1318 2765 2⁰8.

619 2877 757 2924 τον
810 2845 881 2923 δ’
935 2846 1063 2924 ὅτε
1113 2846 1396 2924 πίνοιεν
1444 2848 1788 2948 μελιηδέα
1843 2844 2046 2924 οἶνον
2044 2845 2446 2981 νἐρυθρόν,

625 2952 703 3026 ἓν
725 2955 973 3075 δέπας
1023 2947 1429 3051 ἐμπλήσας,
1484 2951 1750 3035 ὕδατος
1800 2946 1946 3027 οἴνα
1998 2955 2223 3027 εἴκοσι
2270 2956 2512 3053 μέτρα

620 3055 811 3147 χεῦε.

519 3210 601 3279 In
633 3232 771 3300 quo
809 3209 1125 3302 exemplo
1154 3208 1504 3300 quoniam,
1555 3218 1633 3278 ut
1657 3209 1727 3278 in
1751 3208 2096 3303 plerisque
2124 3209 2267 3279 aliis
2284 3257 2306 3293 ‚
2358 3209 2559 3280 etiam
2585 3229 2745 3278 ver-

519 3314 686 3381 bum
733 3313 860 3381 sibi
908 3315 1370 3381 accusativum
1400 3314 1730 3405 postulat,
1797 3314 2196 3406 ambiguum
2239 3313 2452 3382 videri
2492 3320 2743 3406 potest,

517 3416 851 3509 particula
885 3425 1111 3483 utrum
1149 3416 1562 3508 praepositio
1601 3418 1686 3485 sit
1714 3439 1802 3484 an
1836 3417 2252 3487 adverbium.
2357 3416 2500 3486 Sed
2537 3439 2746 3508 prae-

520 3519 932 3610 positionem
960 3541 1104 3586 esse
1130 3520 1259 3586 alia
1284 3521 1597 3611 exempla
1626 3518 1893 3601 docent,
1950 3542 2037 3590 ex
2065 3520 2308 3611 quibus
2338 3520 2491 3589 satis
2517 3519 2747 3588 habeo

521 3644 731 3690 unum
779 3644 1312 3691 commemorare
1346 3622 1618 3714 Polybii
1659 3622 1747 3692 11.
1778 3622 2209 3710 24,13.ἕη
2239 3623 2316 3697 δὲ
2341 3614 2492 3745 μῆν
2518 3620 2638 3694 καὶ
2668 3624 2748 3695 ἐν

520 3721 824 3816 Σικελίᾳ
868 3723 990 3796 καὶ
1056 3718 1386 3819 Τάραντι
1447 3719 1913 3821 στρατόπεδα
1974 3718 2103 3800 δύο
2163 3717 2744 3820 παρεφήδρευεν·

523 3822 625 3896 ὦν
673 3820 1020 3919 ἑκατερον
1051 3822 1141 3921 ἦν
1185 3821 1330 3900 civo?
1373 3828 1978 3923 τετρακιςχιλίους
2001 3827 2122 3901 καὶ
2167 3826 2573 3907 διακοσίους
2605 3852 2747 3898 πε-

522 3920 685 4012 ζούς
702 3980 729 4014 ,
778 3932 1015 4008 ἱππεῖς
1050 3930 1128 4002 δὲ
1165 3929 1590 4010 διακοσίους.
1657 3928 1885 3998 Multo
1914 3954 2040 4000 usu
2069 3940 2298 3999 tamen
2336 3929 2591 3998 factum
2623 3937 2747 4015 est,

520 4038 597 4097 ut
631 4030 964 4121 particula
987 4031 1206 4099 istam
1240 4031 1375 4100 hoc
1398 4054 1655 4124 genere
1686 4033 1885 4100 etiam
1912 4034 2051 4104 sine
2083 4056 2242 4102 casu
2261 4054 2392 4125 pro
2424 4031 2751 4099 adverbio

518 4141 913 4224 poneretur.
1018 4134 1261 4223 Neque
1310 4136 1487 4203 enim
1517 4157 1884 4228 perperam
1933 4136 2188 4205 dictum
2216 4134 2592 4228 putandum
2641 4141 2753 4227 ,est

520 4235 694 4303 illud
723 4236 794 4303 in
840 4238 1260 4329 Apocalypsi
1297 4262 1354 4306 c.
1398 4236 1523 4326 21,
1554 4236 1679 4312 21.
1728 4233 1873 4311 ᾰνοῖ
1916 4238 2015 4321 εἷς
2060 4244 2394 4326 ἕκαστος,
2446 4245 2522 4304 ut
2560 4230 2750 4308 καθ’

525 4337 626 4417 εἷς
642 4392 669 4426 ,
725 4340 913 4429 quod
954 4342 1209 4408 notavit
1240 4342 1576 4413 Lucienus
1608 4342 1682 4410 in
1724 4343 2245 4435 Pseudologista
2288 4365 2347 4409 c.
2444 4391 2460 4408 .
2506 4340 2593 4408 T.
2628 4338 2750 4409 111.

525 4463 597 4534 p.
635 4439 811 4511 577.
864 4443 1042 4512 Nam
1082 4445 1283 4516 etiam
1322 4445 1430 4513 alii
1477 4445 1570 4514 sic
1601 4446 1864 4537 loquuti
1907 4455 2090 4517 sunt:
2141 4454 2217 4513 ut
2243 4441 2642 4513 Plutarchus
2682 4441 2752 4509 in
