3284 5159
604 412 695 474 8⁰
1293 408 1405 468 DE
1479 406 2035 471 PARTICVLA
2079 403 2173 472 ἄν

524 627 529 633 ’
614 608 1027 689 eventurum,
1081 621 1214 666 non
1243 595 1590 668 habebant
1621 599 1824 667 alium
1854 599 2045 668 verbi
2079 598 2381 685 modum,
2434 621 2570 690 quo
2606 599 2833 669 futura

551 763 557 772 ,
609 705 1010 789 indicarent,
1057 725 1267 793 «quam
1287 701 1469 769 hunc
1496 704 1720 797 ipsum
1746 703 2029 771 modum
2055 702 2588 771 deliberativum.
2691 704 2834 772 Ita-

613 831 749 898 que
791 831 873 876 eo
917 815 1067 875 sunt
1109 806 1247 892 usi,
1301 805 1520 873 donec
1572 807 1802 875 futuro
1843 807 2147 890 invento,
2198 807 2317 874 ubi
2363 806 2528 894 quid
2571 805 2833 899 simpli-

612 913 778 980 citer
813 912 1111 979 futurum
1143 908 1366 976 dicere
1387 910 1694 997 ⁸vellent,
1747 910 1953 976 futuri
1982 910 2270 977 formam
2309 932 2635 1001 usurpare
2668 933 2831 978 coe-

608 1022 859 1106 perunt
873 1067 892 1103 ,
968 1012 1460 1082 coniunctivum
1520 1022 1745 1081 autem
1807 1014 1901 1080 ibi
1950 1021 2210 1080 tantum
2266 1023 2647 1099 servarunt,
2713 1013 2832 1082 ubi

609 1118 831 1205 aliqua
873 1116 1267 1192 deliberatio
1300 1115 1530 1183 locum
1561 1115 1819 1185 habere
1861 1116 2218 1184 videretur.
2322 1116 2430 1184 Ea
2466 1139 2631 1185 vero
2670 1116 2831 1183 illuc

603 1220 820 1310 redit,
873 1228 948 1286 ut
979 1242 1106 1311 per
1157 1220 1651 1288 coniunctivum
1684 1220 2065 1287 coniectura
2092 1220 2315 1308 aliqua
2346 1219 2436 1287 de
2472 1242 2590 1308 eo,
2642 1220 2833 1308 quod

607 1324 850 1393 debeat
888 1323 1069 1406 fieri,
1120 1321 1476 1390 indicetur.
1578 1322 1778 1391 Vnde
1813 1323 1959 1390 fere
2010 1322 2418 1391 Germanice
2452 1323 2577 1391 ista
2614 1324 2829 1391 verbo

606 1429 839 1497 sollen
869 1427 1028 1495 licet
1069 1427 1466 1516 exprimere.
1571 1425 1965 1496 Cuiusmodi
2000 1410 2168 1495 nihil
2196 1426 2369 1494 inest
2403 1427 2476 1494 in
2518 1427 2670 1519 ipso
2713 1426 2830 1494 fu-

603 1539 778 1600 turo.
844 1531 985 1598 Ita
1014 1527 1204 1596 Iliad.
1237 1557 1304 1601 α.
1338 1527 1510 1638 262.
1599 1530 1603 1534 ’

811 1663 901 1740 οὗ
953 1661 1094 1762 γοῖρ
1144 1692 1254 1738 πω
1306 1656 1553 1748 τοίους
1605 1667 1763 1740 ἴδον
1817 1662 2077 1780 α’νέρας
2130 1661 2299 1739 οὐδὲ
2352 1666 2642 1759 ἴδωμαι.

604 1805 683 1874 Si
712 1802 1001 1900 ὄψομαι
1031 1779 1340 1893 dixisset,
1392 1826 1540 1871 rem
1571 1813 1826 1872 certam
1852 1827 1996 1872 esse
2022 1804 2403 1889 indicasset,
2452 1826 2597 1872 non
2623 1801 2830 1872 vide-

605 1907 742 1992 bo,·
792 1908 847 1976 si
897 1905 1217 2003 ἰδοίμηυ,
1268 1906 1682 1997 prodidisset
1730 1907 2115 2000 opinionem
2141 1930 2369 1996 suam,
2430 1930 2608 1994 non,
2669 1907 2829 2000 opi-

601 2034 778 2099 nor,
828 2009 1142 2079 videam.
1245 2010 1446 2079 Nunc
1496 2012 1916 2079 coniunctivo
1964 2033 2159 2096 usus,
2211 2034 2348 2080 non
2396 2034 2543 2079 esse
2580 2011 2829 2102 signifi·

604 2123 752 2203 cat5
813 2122 890 2181 ut
935 2114 1193 2182 visurus
1231 2113 1345 2199 sit,
1411 2113 1451 2184 i.
1500 2138 1558 2182 e.
1602 2137 1749 2183 non
1795 2113 2021 2184 debeo
2058 2114 2347 2201 videre,
2413 2115 2551 2182 sive
2594 2113 2827 2199 mavis,

602 2241 749 2287 non
796 2216 1142 2310 reperiar
1193 2216 1464 2285 videre.
1566 2219 1710 2286 Nos
1750 2217 1824 2284 id
1867 2217 2379 2286 accommodate
2426 2217 2515 2285 ad
2560 2217 2828 2285 Graeca

604 2321 924 2406 dicemuS‚
952 2318 1142 2388 noch
1163 2320 1303 2388 soll
1323 2319 1444 2388 ich
1464 2318 1568 2387 sie
1582 2320 1801 2390 sehen
1815 2345 1839 2389 .·
1890 2343 2027 2410 quo
2047 2322 2523 2414 significamus,
2550 2343 2685 2389 non
2704 2342 2827 2388 ex-

603 2423 1050 2517 spectandum
1067 2422 1140 2490 id
1168 2445 1334 2491 esse.
1387 2422 1573 2494 Iliad.
1590 2432 1644 2510 ζ.
1672 2420 1845 2493 459.
1882 2423 2088 2517 (479.
2117 2453 2177 2523 η.
2214 2423 2338 2493 87.
2371 2422 2506 2497 Od.
2526 2431 2579 2510 ζ.
2615 2417 2824 2515 275.)

805 2557 930 2631 καί
978 2556 1164 2632 ποτέ
1210 2586 1321 2640 τις
1365 2560 1623 2655 εἴπῃσι.

600 2697 761 2766 Νοιι
820 2695 1014 2764 dicet
1063 2696 1366 2789 aliquis,
1432 2721 1658 2788 neque
1702 2698 1914 2770 dicat
1970 2697 2262 2792 opinor,
2313 2707 2390 2767 ut
2431 2699 2484 2766 si
2524 2702 2678 2793 ἐρεῖ
2714 2698 2825 2765 vel

603 2802 799 2873 εἴποι
853 2798 1160 2884 dixisset,
1214 2800 1372 2885 sed,
1426 2803 2004 2895 exspectandum
2047 2811 2195 2890 est,
2246 2811 2329 2872 ut
2374 2802 2534 2894 quis
2578 2801 2823 2871 dicat:

602 2904 710 2971 da
739 2902 883 2973 soll
905 2903 1099 2973 wohl
1130 2902 1328 2973 einer
1353 2925 1619 2998 sagea.
1727 2904 1978 2996 Odyss.
2007 2933 2079 2977 π.
2111 2904 2284 2973 437.

808 3037 936 3114 οὐκ
969 3036 1138 3114 ἔσθ’
1170 3038 1384 3124 οὗτος
1416 3037 1630 3143 οἶνήρ,
1688 3038 1854 3115 οὐδ’
1881 3043 2200 3129 ἔσσεται,
2259 3035 2428 3114 οὐδὲ
2456 3040 2768 3137 γένηται.

606 3174 776 3245 Νοη
821 3186 970 3265 est,
1023 3202 1252 3271 neque
1298 3179 1476 3263 erit,
1527 3201 1761 3272 neque
1777 3176 2028 3271 fuisse
2075 3179 2533 3272 reperiatur.-
2595 3199 2702 3276 ,εεὶ
2723 3176 2822 3246 ist

599 3278 881 3365 hemer,
951 3283 1143 3352 noch
1180 3284 1376 3353 wird
1418 3283 1621 3352 einer
1673 3305 1888 3375 seyn,
1959 3282 2152 3351 noch
2191 3282 2335 3351 soll
2380 3281 2574 3351 wohl
2619 3279 2821 3349 einer

598 3405 936 3476 gewesen
966 3408 1162 3478 seyn.
1266 3389 1445 3456 Nam
1471 3387 1524 3454 si
1564 3386 1955 3478 explicatius
1985 3385 2553 3456 vim'coniunctivi
2584 3383 2819 3451 decla-

597 3486 733 3554 rari
771 3488 994 3573 voles,
1046 3488 1218 3557 haec
1272 3492 1435 3578 erit,
1487 3512 1624 3558 non
1667 3513 1813 3557 esse
1858 3488 2421 3581 exspectandum,
2453 3523 2457 3527 ⁴
2488 3494 2565 3555 ut
2612 3486 2846 3554 fuisse„

597 3589 892 3679 aliquem
927 3593 1243 3684 reperias,
1344 3592 1630 3661 Videtur
1670 3601 1893 3661 autem
1928 3592 2065 3661 hoc
2101 3591 2375 3681 quidem
2408 3591 2478 3658 in
2503 3590 2661 3656 loco
2689 3590 2815 3680 γε’-

594 3720 811 3790 υηται
849 3695 941 3763 sie
978 3694 1231 3763 dictum
1256 3717 1401 3763 esse
1417 3744 1437 3780 ‚
1490 3704 1565 3763 ut
1600 3696 1952 3790 propriam
1997 3695 2222 3764 aoristi
2260 3693 2817 3786 significationem

593 3794 865 3865 habeat.
969 3796 1115 3866 Sed
1140 3798 1209 3865 in
1235 3797 1339 3866 his
1370 3797 1507 3870 od.
1541 3807 1595 3884 ζ.
1624 3797 1795 3866 201.

801 3930 930 4007 οὐκ
961 3930 1133 4008 ἔσθ’
1168 3930 1381 4014 οὗτος
1405 3927 1592 4029 ’ἁνήρ
1626 3927 1863 4028 acopo}
1888 3926 2188 4029 βροτόςἰ
2238 3927 2405 4006 οὐδὲ
2435 3932 2749 4027 γένηται,

801 4034 878 4117 ὅς
907 4065 1026 4108 κεν
1060 4029 1400 4131 Φαιήκων
1432 4032 1716 4134 ἀνδρῶν
1747 4043 1815 4119 ἐς
1845 4041 2059 4130 γαῖαν
2093 4042 2335 4134 ἵκηται

799 4140 1147 4238 δηϊοτῆτα
1178 4141 1459 4237 φέρων,

592 4287 663 4348 et
687 4306 766 4373 μ.
793 4276 966 4347 191.

793 4417 1001 4509 ἴδμεν
1036 4408 1153 4503 δ’,
1208 4409 1389 4486 ὄσσα
1422 4413 1720 4509 γένηται
1754 4412 1869 4485 ἐπὶ
1900 4412 2118 4503 χθονὶ
2144 4410 2707 4508 πουλυβοτείρῃ,
