3284 5159
1123 435 1300 497 LIB.
1354 435 1459 500 111.
1547 435 1737 498 cAP.
1781 439 1841 501 1.
1887 437 1950 501 2.
2578 428 2716 504 ιω

898 947 1402 1057 umen
1501 902 2261 1057 'rnn'r'lws

1547 1121 1602 1190 ι

593 1273 762 1344 De
860 1273 985 1344 vi
1084 1273 1749 1369 optativi
1852 1271 2563 1345 universe.

464 1425 894 1530 Perventum
932 1470 1034 1530 est
1080 1462 1170 1532 ad
1216 1462 1613 1553 optativum.
1717 1462 1783 1530 Is
1828 1460 2068 1531 modus
2123 1462 2439 1552 quoniam
2480 1463 2693 1534 solam

467 1565 946 1657 cogitationem
971 1565 1070 1633 rei
1098 1566 1463 1658 significat,
1514 1566 1835 1657 proprius
1873 1574 1975 1634 est
2001 1565 2321 1634 orationis
2353 1567 2690 1657 obliquae.

468 1666 838 1758 Obliquam
882 1668 1057 1737 enim
1087 1671 1455 1737 orationem
1479 1691 1801 1737 vocamus
1835 1690 2020 1754 eam,
2074 1690 2217 1758 qua
2242 1692 2381 1737 non
2399 1671 2563 1760 quid
2589 1673 2693 1762 sit,

467 1771 591 1842 sed
617 1773 783 1862 quid
815 1772 1071 1864 cogitet
1107 1774 1254 1863 quis
1293 1795 1439 1841 esse
1468 1771 1819 1845 indicatur.
1855 1818 1863 1837 ι
1903 1771 2121 1857 Quod
2147 1773 2200 1839 si
2232 1795 2469 1841 verum
2500 1774 2696 1844 fateri

466 1876 775 1947 volumus
794 1926 814 1964 ‚
882 1875 1095 1944 omnis
1150 1876 1426 1944 omnino
1467 1876 1686 1944 oratio
1700 1926 1720 1964 ‚
1790 1898 1966 1966 quae
2034 1876 2413 1965 optativum
2462 1877 2694 1967 habet,

466 1980 744 2070 obliqua
792 1987 910 2050 est.
1014 1977 1158 2047 Sed
1206 2002 1331 2048 usu
1383 1979 1638 2048 factum
1693 1986 1829 2066 est,
1892 1986 1968 2049 ut
2021 1977 2193 2045 illud
2240 2001 2488 2071 genua,
2554 2004 2693 2072 quo

465 2093 695 2152 nostra
717 2083 1022 2173 ipsorum
1058 2083 1354 2175 cogitata
1396 2083 1491 2151 sic
1524 2082 1954 2151 enunciamus
1968 2132 1990 2168 ,
2041 2089 2118 2152 ut
2142 2104 2279 2149 non
2312 2081 2557 2153 diserte
2587 2084 2693 2152 di-

468 2186 884 2278 stinguamus
917 2187 1327 2277 cogitantem
1344 2187 1431 2254 ab
1447 2187 1788 2277 loquente,
1819 2192 2053 2255 rectae
2065 2185 2376 2255 orationis
2395 2189 2693 2279 speciem

467 2287 738 2358 habeat.
841 2289 1077 2380 ltaque
1115 2300 1633 2359 consentaneum
1678 2288 1979 2376 videtur,
2044 2310 2363 2382 separare
2406 2292 2693 2361 alterum

343 2402 354 2415 ’
467 2415 686 2487 genus
734 2393 822 2461 ab
869 2393 1081 2461 altero
1095 2445 1116 2480 ,
1182 2395 1547 2485 primoque
1589 2392 1678 2461 de
1718 2393 1837 2461 illo
1884 2391 2114 2461 dicere
2133 2443 2154 2478 ,
2226 2393 2415 2483 quod
2453 2404 2695 2487 aperte

467 2520 595 2566 nec
623 2496 828 2565 dubie
855 2496 1199 2586 obliquam
1228 2498 1598 2566 orationem
1626 2497 1941 2567 continet.
2018 2494 2237 2564 Huius
2265 2499 2529 2590 generis
2562 2499 2694 2568 du-

469 2601 636 2693 plex
683 2598 927 2668 modus
964 2610 1085 2676 est.
1189 2602 1367 2669 Nam
1407 2609 1523 2669 aut
1562 2622 1695 2693 pro
1732 2597 2091 2669 indicativo
2104 2646 2125 2684 ‚
2177 2609 2293 2669 aut
2339 2624 2471 2695 pro
2523 2626 2688 2671 con-

468 2705 762 2772 iunctivo
788 2702 1062 2794 ponitur
1095 2705 1455 2798 optativus,
1492 2705 1681 2795 isque
1712 2727 1945 2773 carens
1979 2702 2314 2796 particula
2343 2701 2458 2779 ἄν.
2512 2707 2693 2775 Nam

471 2829 684 2897 quum
741 2805 907 2897 quid
980 2828 1063 2876 ex
1128 2817 1312 2877 recta
1377 2809 1678 2877 oratione
1741 2807 1813 2876 in
1872 2806 2217 2895 obliquam
2271 2809 2690 2896 transfertur,

469 2910 635 2979 nihil
679 2909 803 2978 nisi
846 2910 1088 2981 veritas
1132 2912 1230 2980 rei
1270 2910 1738 2980 tantummodo
1796 2920 1871 2980 ut
1923 2910 2220 3001 cogitata
2262 2913 2691 3005 proponitur,

470 3014 839 3185 ιιοίιξῐίαιιι
879 3008 1185 3085 adiicitur
1223 3016 1450 3108 aliqua
1488 3014 1784 3086 conditio
1803 3065 1824 3104 ,
1877 3014 2151 3109 qualem
2193 3014 2489 3085 continet
2527 3039 2696 3112 par-

469 3116 562 3185 tic
694 3115 839 3190 ista.

1539 3321 1629 3395 11.

863 3474 996 3546 De
1047 3471 1465 3569 optativo
1505 3495 1698 3587 pro
1747 3472 2311 3549 indicativo..

679 3628 856 3698 Sunt
883 3637 1111 3727 autem
1139 3626 1421 3722 optativi
1453 3650 1585 3722 pro
1617 3627 1980 3697 indicativo
2007 3628 2210 3721 positi
2238 3635 2551 3719 quattuor
2561 3653 2698 3722 po-

472 3732 799 3801 tissimum
852 3733 1134 3804 formae.
1237 3733 1493 3803 Earum
1533 3732 1759 3825 prima
1819 3732 2117 3822 elliptica
2163 3739 2265 3800 est
2281 3766 2328 3820 ‚·
2382 3756 2519 3824 qua
2563 3735 2699 3805 tale

475 3835 640 3927 quid
666 3846 741 3905 ut
776 3837 967 3929 λέγει
1000 3833 1123 3931 ὅτιι
1152 3835 1562 3930 intelligitur.
1665 3835 2048 3928 Sophocles
2076 3835 2253 3908 Phil.
2288 3832 2462 3904 615.

1729 3983 1999 4070 εὐθέως
2026 3985 2101 4061 δ’
2128 3985 2479 4081 ὑπέσχετο

616 4108 628 4123 “
680 4084 816 4164 τόν
840 4087 1023 4188 dude
1043 4085 1061 4110 '
1086 4085 1421 4183 Ἀχαιοῖς
1447 4084 1665 4165 τόνδε
1693 4084 2038 4191 δηλώσειν
2065 4090 2260 4186 ἄγων
2280 4115 2298 4133 ·

684 4195 920 4267 οἴοιτο
949 4192 1120 4287 μέν,
1171 4186 1493 4285 μάλισθ’
1520 4188 1850 4270 ἑκούσιον
1877 4188 2122 4290 λαβών
2134 4250 2165 4285 ‚

684 4299 756 4369 εἰ
775 4290 884 4395 μή
907 4297 1119 4372 θέλοι
1151 4292 1224 4371 δ’
1238 4352 1269 4387 ,
1322 4294 1618 4397 ἅκρντα.

475 4449 926 4544 Thucydides
964 4450 1051 4522 11.
1090 4449 1211 4521 ⁶62.
1264 4447 1751 4551 ἀπεκρίναντο
1784 4447 1988 4548 αὐτῷ
2018 4447 2140 4525 ὅτι
2171 4444 2502 4524 ἀδύνατα
2533 4449 2700 4547 σφί-
