3284 5159
577 419 666 483 56
911 442 918 449 -
1254 413 1369 474 DE
1435 410 1987 475 PARTICVLA
2028 360 2143 475 ἂν

582 613 935 690 σθωνται,
989 601 1152 698 περὶ
1185 602 1326 674 τοῦ
1353 598 1683 681 πλείονος
1710 596 2221 694 ἀντιλέγοντες.
2324 602 2427 669 Ita
2466 602 2620 671 libri
2651 604 2808 693 qui-

583 706 764 793 dam,
814 713 1022 790 recte,
1070 713 1147 771 ut
1181 703 1344 772 mihi
1378 703 1664 775 videtur.
1776 705 1911 773 Alii
1937 706 2248 772 omittunt
2279 701 2331 776 ἅ
2334 732 2372 776 ν
2387 730 2404 747 ·
2458 706 2644 796 sihi,
2695 707 2825 774 in—'

585 808 732 898 quit
748 860 772 898 ‚
822 807 1146 901 remiges
1181 806 1511 877 habituri
1548 806 1867 901 fuissent
1912 809 2139 876 multo
2175 809 2614 891 deteriores,
2664 833 2811 879 non

579 911 848 980 mirum
868 977 879 998 e
892 907 1114 1002 foret.
1234 909 1504 981 Omisso
1568 908 1660 986 ἄν
1674 959 1707 993 ,
1775 911 2071 997 diceret,
2135 911 2199 979 sz’
2257 910 2337 979 112·
2385 911 2812 983 habuissent

581 1012 908 1107 remiges
942 1010 1385 1083 deteriores.-
1437 1021 1512 1081 ut
1547 1016 1943 1107 oppositum
1981 1012 2180 1100 foret,
2234 1021 2317 1082 at
2352 1038 2497 1083 mm
2534 1015 2812 1086 habue-

582 1125 758 1192 runt
784 1116 1209 1187 deteriores.
1255 1176 1266 1187 .
1314 1116 1408 1186 At
1431 1115 1812 1187 habuerunt
1837 1117 1935 1184 ‘illi
1963 1117 2176 1184 nullos
2205 1118 2493 1187 omnino.
2572 1119 2812 1210 ltaque

584 1230 873 1313 apparet
921 1219 1268 1312 duplicem
1305 1220 1525 1287 inesse
1578 1221 2032 1290 conditionem
2053 1269 2073 1306 ‚
2143 1229 2251 1308 ut,
2315 1245 2522 1310 quum
2575 1224 2809 1310 altera,

585 1325 743 1415 quia
783 1324 852 1392 in
880 1323 1242 1415 principali
1272 1322 1595 1391 sententia
1625 1323 1719 1397 ἄν
1751 1332 1886 1409 est,
1939 1345 2170 1392 carere
2203 1348 2282 1392 ea
2312 1326 2641 1416 particula
2674 1350 2811 1418 po·
2879 1359 2884 1362 Α

583 1428 822 1513 tuerit,
890 1427 1100 1494 altera
1145 1448 1295 1495 eam
1340 1427 1656 1516 requirat.
1764 1429 1974 1496 Plene
2016 1427 2195 1494 enim
2237 1428 2462 1496 omnia
2504 1429 2560 1495 si
2603 1429 2810 1515 dicas,

585 1531 761 1598 haec
789 1528 1110 1597 habebis:
1162 1529 1229 1597 si
1254 1529 1365 1598 illi
1398 1527 2210 1621 habuissent-revagoe,
2261 1553 2406 1599 non
2424 1530 2642 1623 foret
2671 1531 2815 1600 mi·-

554 1655 755 1702 .rum
768 1687 796 1721 ,
850 1631 918 1702 ει·
961 1631 1038 1700 1ιί
1077 1632 1400 1725 remiges
1448 1633 1856 1703 deteriores
1881 1631 2234 1726 fuissent.
2337 1635 2530 1703 Alter
2570 1636 2812 1704 modus

590 1745 713 1823 est,
740 1757 977 1824 quum
1002 1736 1073 1803 in
1097 1735 1449 1829 principali
1477 1737 1806 1806 sententia
1833 1758 1970 1804 non
2001 1737 2176 1804 inest
2203 1736 2497 1805 conditio
2521 1761 2657 1806 ιιοιι
2680 1740 2830 1805 ἰιιι--

587 1839 795 1934 pleta.
863 1839 1042 1905 Nam
1071 1838 1130 1905 si
1151 1848 1293 1906 tum
1324 1859 1462 1905 non
1494 1838 1587 1906 ad
1614 1842 1686 1912 εἰ
1705 1838 2069 1907 adderetur
2099 1836 2212 1923 ἄν,
2266 1841 2556 1908 nescires
2586 1850 2814 1909 utrum

590 1939 701 2010 de
714 1965 789 2011 re
818 1963 980 2009 vere
1010 1941 1224 2024 facta,
1275 1963 1361 2008 an
1391 1939 1479 2008 de
1521 1942 1821 2034 cogitata
1847 1963 2070 2010 sermo
2104 1949 2297 2011 esset.
2400 1943 2815 2012 Demosthe-

590 2068 712 2114 nes
755 2043 847 2113 ad
885 2043 1185 2111 Timoth.
1238 2042 1590 2134 p.1201‚
1635 2042 1756 2113 18.
1811 2046 1896 2116 εἰ
1951 2040 2202 2116 τοίνυν
2237 2043 2466 2119 τοῦτο
2516 2040 2817 2167 ἰσχυρον

591 2146 696 2221 ἄν
748 2142 851 2243 ἦν
905 2142 1142 2241 τούτῳ
1188 2172 1366 2244 προς
1416 2144 1604 2237 ῦμόίς
1644 2139 2122 2267 τεκμήριον,
2145 2142 2267 2219 ὅτι
2319 2146 2631 2229 ἐξεδίδου
2680 2143 2843 2221 τον

589 2247 1057 2369 Αἰσχρίωνα,
1113 2247 1200 2321 ὃν
1248 2248 1687 2370 πεμφθῆναί
1736 2276 1945 2369 φημι
1974 2240 2122 2321 ῦπο
2154 2275 2428 2322 τουτου
2443 2296 2476 2330 ,
2526 2249 2644 2323 καὶ
2673 2255 2814 2324 λα-
2860 2288 2870 2296 κ

589 2356 750 2446 ,ectu
795 2343 925 2431 τοῖς
961 2344 1224 2445 φιάλας
1266 2377 1466 2446 παρα
1515 2353 1658 2424 τοῦ
1699 2343 2021 2470 πατρός
2022 2349 2163 2424 τοῦ
2215 2353 2399 2445 ἐμοῦ
2415 2406 2444 2441 ,
2511 2354 2630 2425 καὶ
2680 2349 2856 2443 τήν-

590 2452 787 2547 μνὸἶν
817 2452 955 2525 τοῦ
985 2449 1335 2576 ἀργυρίου
1368 2452 1878 2540 δανείσασθαι,
1930 2448 2151 2543 κοῖμοὶ
2192 2456 2509 2547 γενέσθω
2547 2451 2815 2551 τεκμή-

595 2583 760 2651 ριον
806 2581 989 2675 προς
1026 2552 1212 2649 ῦμας
1256 2552 1374 2628 ὅτι
1421 2551 1758 2638 συνειδώς
1790 2583 1886 2650 με
1934 2551 2179 2654 οἷληθῆ
2228 2558 2666 2650 ἐγκαλοῦντα
2724 2556 2813 2632 οῦ

593 2658 839 2753 τολμα
896 2651 1030 2729 τὸν
1072 2656 1486 2754 Αἰσχρίωνα
1502 2651 2013 2782 παραδοῦναι.
2131 2659 2506 2742 Dinarchus
2561 2686 2633 2756 p.
2669 2649 2834 2731 39.-

594 2784 742 2851 seq.
803 2757 1011 2850 (189.
1063 2759 1322 2851 Bekk.)
1376 2757 1519 2833 εἶτ’
1581 2757 1672 2834 οῦ
1724 2753 2001 2839 δεινόν,
2072 2789 2126 2832 ω
2171 2756 2650 2860 Ἀθηναῖοι
2591 2818 2620 2853 ,
2654 2792 2771 2836 ει
2783 2818 2813 2854 ,

493 2889 498 2895 ·
596 2861 717 2937 ὅτι
745 2863 882 2958 μὲν
913 2861 1013 2943 εἶς
1046 2855 1228 2959 ανήρ
1271 2863 1487 2987 ἔφησε
1526 2862 1861 2951 Πιστίας,
1915 2858 2436 2963 Ἀρεοπαγίτης
2468 2893 2589 2955 ων,
2644 2861 2816 2939 cida—
2893 2877 2894 2880 ’

594 2971 746 3040 κεῖν
781 2993 916 3091 με,
970 2969 1605 3059 καταψευδομενος
1630 2961 1874 3060 κᾰμοῦ
1899 2964 2017 3038 καὶ
2044 2965 2171 3063 τῆς
2195 2967 2507 3063 βουλῆς,
2560 2970 2597 3040 ἴ
2605 2994 2646 3042 σ
2660 2995 2816 3060 χυ-

598 3095 749 3142 σεν
802 3095 906 3140 αν
957 3095 1046 3140 το
1092 3069 1357 3163 ψεῦδος
1401 3068 1529 3166 τῆς
1575 3066 1921 3165 ἀληθείας
1962 3047 2288 3161 μᾶλλονζ
2336 3069 2484 3143 καὶ
2514 3066 2637 3144 δια
2681 3064 2816 3169 τῆν
2889 3093 2893 3108 ·

599 3166 995 3245 α’σθενείαν
1037 3165 1171 3266 την
1207 3166 1383 3245 τότε
1422 3171 1540 3244 καί
1570 3200 1705 3267 την
1736 3170 2066 3295 ἐρημίαν
2083 3198 2221 3267 την
2261 3167 2441 3271 ἐμην
2474 3170 2818 3248 ἐπιστεύ-

597 3282 840 3368 θησαν
906 3277 986 3344 αἱ
1055 3300 1208 3401 mm⁸
1286 3273 1474 3366 ἐμοῦ
1527 3277 1816 3368 ψευδεῖς
1860 3267 2283 3367 γιγνόμεναι
2336 3277 2818 3369 κατασκευαίς

596 3375 675 3444 Si
713 3375 1020 3458 dixisset,
1068 3371 1208 3446 εἶτ’
1251 3372 1340 3449 ου’
1375 3370 1612 3449 δεινον
1645 3404 1736 3448 αν
1769 3372 1858 3472 ἤν
1875 3430 1902 3463 ,
1956 3378 2264 3447 omittere
2301 3376 2392 3451 ἄν
2418 3380 2487 3446 in
2523 3387 2818 3480 sequen-

596 3478 770 3547 tibus
831 3478 1189 3550 debuisset.
1294 3478 1646 3571 Antiphon
1698 3502 1771 3606 Ρ
1815 3476 1986 3547 78⁰.
2046 3478 2201 3570 (88.
2256 3477 2327 3576 §.
2383 3480 2506 3555 29.
2527 3482 2816 3575 Bekk.)

597 3580 842 3653 καίτοι
898 3572 1176 3670 δεινόν,
1248 3583 1343 3654 εἰ
1390 3586 1461 3653 οἱ
1500 3577 1717 3663 αὐτοὶ
1757 3581 1895 3672 μὲν
1944 3608 2309 3682 μαρτυρες
2352 3579 2645 3667 τούτοις
2709 3613 2816 3658 αν

595 3683 1139 3779 μαρτυροῦντες
1200 3682 1451 3764 πιστοὶ
1518 3709 1802 3813 ησαν,
1835 3683 2062 3806 ἐμοι
2102 3687 2178 3761 δὲ
2236 3687 2814 3817 μαρτυροῦντες,

574 3782 917 3888 ,ἄπιστοι
931 3786 1260 3868 ἔσονται·
1315 3784 1433 3857 καὶ
1468 3813 1502 3858 ε
1523 3788 1557 3857 ἰ
1580 3786 1717 3877 μὲν
1749 3777 1941 3858 πάνυ
1972 3780 2081 3879 μή
2107 3790 2593 3908 παρεγένοντο
2622 3783 2820 3886 μα’ρ·
2890 3836 2894 3840 -

597 3914 838 3985 τυρες,
896 3880 1033 3980 ἐγω
1065 3887 1140 3960 δὲ
1183 3880 1764 4012 παρειχόμην
1819 3885 1965 3977 ἄν,
2020 3886 2067 3985 ἢ
2097 3886 2269 3971 τοῦς
2305 3894 2818 4014 παραγενομέ-

601 4017 766 4070 νους
797 4016 900 4087 μη
949 3985 1440 4113 παρειχόμην,
1496 3992 1787 4086 ετέρους
1826 3992 1911 4063 δέ
1935 4018 2181 4081 τινας,
2244 3986 2532 4074 εἰκότως
2585 4023 2689 4068 αν
2745 4001 2820 4067 οῖ

598 4085 882 4166 τούτων
925 4086 1168 4183 λόγοι.
1190 4086 1617 4186 πιστότεροι
1670 4088 1932 4181 ἦσαν
1953 4121 2098 4165 των
2159 4096 2354 4188 ἐμων
2398 4089 2870 4195 μαρτύρων..

600 4190 754 4262 Ηοο
802 4194 870 4264 ἰιι
911 4195 1066 4262 loco
1126 4196 1327 4263 ambo
1385 4195 1607 4281 modi,
1681 4195 1769 4262 de
1815 4196 2054 4285 quibus
2121 4198 2421 4287 dictum,
2485 4201 2820 4270 coniuncti

597 4304 765 4369 sunt.
868 4298 1046 4365 Nam
1075 4299 1189 4366 illa
1218 4301 1287 4373 εἰ
1309 4292 1599 4377 τούτοις
1629 4324 1722 4368 αν
1753 4300 2319 4430 μαρτυροῦντες
2325 4301 2574 4374 πιστοὶ
2603 4329 2816 4426 ησαν,
2874 4290 2880 4294 ’

599 4409 665 4468 et
702 4402 773 4474 εἰ
811 4392 1123 4481 εἰκότως
1144 4429 1236 4473 αν
1276 4393 1707 4497 πιστότεροι
1743 4395 1935 4496 ἦσαν
1985 4428 2131 4494 των
2166 4405 2358 4498 εμῶν
2400 4398 2818 4505 μαρτύρων,
