3284 5159
544 455 593 521 4
1224 443 1342 507 nn
1395 440 1944 507 PAnrlchA
1991 438 2072 508 ἄν

554 640 931 737 optandum
971 646 1074 709 est
1092 688 1113 727 ,
1162 625 1240 706 ut
1284 637 1431 729 quis
1476 659 1675 708 usum
1713 635 1957 707 harum
1993 638 2478 730 particularum
2524 661 2804 707 secun-

556 750 723 817 dum
756 755 1068 837 tempora
1115 750 1184 811 et
1233 750 1473 835 gentes
1521 750 1589 810 et
1618 753 1873 835 genera
1907 742 2242 811 scribendi
2286 742 2610 833 deinceps
2654 766 2774 810 or-

559 852 713 920 dine
753 854 1233 942 persequatur,
1293 856 1522 914 tamen
1557 846 1731 913 haec
1773 870 1882 915 res
1926 855 2068 914 tam
2105 845 2338 913 infiniti
2381 846 2608 937 operis
2647 855 2774 934 est,

557 963 635 1024 nt
665 976 797 1046 ego
824 951 1098 1042 quidem
1127 949 1292 1018 mihi
1314 950 1401 1017 ab
1429 971 1511 1015 ea
1539 949 2005 1018 abstinendum
2029 948 2430 1041 putaverim,
2480 948 2775 1037 satisque

559 1057 862 1126 duxerim
882 1103 902 1139 ‚
960 1053 1201 1122 veteris
1247 1061 1506 1121 tantum
1552 1052 1873 1121 sermonis
1913 1063 1982 1121 et
2030 1052 2168 1120 eius
2214 1052 2331 1141 qui
2376 1050 2774 1120 cultissimus

555 1147 846 1230 habetur
876 1155 1422 1225 consuetudinem
1456 1156 1820 1247 respicere,
1873 1180 1957 1224 ex
1981 1156 2057 1224 iis
2086 1170 2329 1242 autem,
2365 1177 2542 1243 quae
2578 1156 2778 1223 laba-

559 1286 750 1335 scens
773 1261 1119 1329 Graecitas
1136 1260 1258 1326 sibi
1273 1257 1564 1348 indulsit,
1591 1283 1726 1328 non
1741 1260 1863 1328 nisi
1880 1260 1994 1327 hic
2021 1259 2155 1327 illic
2182 1258 2436 1347 aliquid
2451 1258 2774 1330 delibare.

766 1365 895 1433 Est
931 1373 1155 1431 autem
1183 1362 1270 1429 de
1302 1361 1647 1453 particulis
1681 1362 1773 1436 ἄν
1804 1371 1872 1431 et
1905 1364 2021 1435 κὲν
2052 1363 2315 1430 dicturo
2363 1370 2516 1429 ante
2551 1362 2778 1430 omnia

562 1469 745 1540 unde
792 1476 981 1535 ortae
1033 1468 1163 1534 sint
1213 1466 1695 1554 quaerendum.
1815 1466 2119 1551 Quarum
2160 1486 2371 1555 quum
2432 1464 2777 1557 Georgius

562 1572 880 1654 Dunbar,
929 1569 1045 1661 qui
1079 1568 1166 1636 de
1204 1570 1281 1636 iis
1318 1569 1853 1656 dissertationem
1894 1569 2131 1654 edidit,
2180 1570 2460 1637 alteram
2498 1568 2777 1659 partici-

564 1677 754 1769 pium
787 1696 931 1741 esse
968 1672 1159 1741 verbi
1206 1671 1551 1739 cuiusdam
1587 1668 1766 1763 α’μί,
1818 1673 2008 1762 quod
2047 1672 2228 1740 idem
2270 1673 2352 1739 sit
2380 1680 2583 1760 atque
2610 1668 2777 1756 ἕοῖω,

566 1780 846 1848 alteram
891 1799 974 1843 ex
1012 1775 1408 1866 imperativo
1460 1776 1651 1844 verbi
1700 1778 1867 1861 κε’ω,
1918 1775 2109 1866 quasi
2142 1797 2339 1867 pone
2380 1775 2599 1861 dicas,
2634 1774 2780 1859 *fa-

494 1889 505 1898 ‘
567 1890 746 1949 ctam
762 1887 977 1972 putat,
1009 1879 1182 1948 adeo
1211 1878 1345 1947 hae
1365 1879 1574 1947 mirae
1594 1887 1747 1947 sunt
1780 1888 1849 1948 et
1874 1878 2294 1948 incredibiles
2312 1877 2778 1959 derivationes,

565 1992 642 2054 ut
700 2006 811 2051 eas
856 1982 1148 2050 refutare
1190 2005 1326 2050 non
1370 1982 1676 2050 videatur
1715 2005 1970 2074 operae
2007 1984 2302 2074 pretium
2350 2004 2516 2053 esse.
2619 1982 2781 2048 Non

566 2087 864 2156 omnium
887 2085 1413 2177 particularum
1395 2085 1671 2154 inveniri
1708 2087 1905 2178 origo
1941 2095 2202 2178 potest,
2255 2084 2380 2154 sed
2415 2084 2656 2152 multas
2694 2106 2781 2152 ex

567 2191 714 2258 aliis
754 2189 1096 2284 particulis
1129 2197 1315 2256 natas
1352 2211 1499 2257 esse
1530 2198 1835 2280 apparet.
1941 2189 2150 2274 Quod
2188 2188 2445 2255 factum
2495 2197 2598 2256 est
2640 2210 2780 2255 non

570 2295 789 2362 solum
819 2291 1171 2383 pluribus
1154 2315 1222 2359 ιιι
1248 2314 1452 2359 unam
1491 2290 2007 2383 coniungendis,
2061 2292 2292 2380 quales
2321 2298 2473 2359 sunt
2500 2283 2677 2383 γοῦν
2712 2299 2782 2357 et

452 2441 458 2452 ι
568 2421 752 2491 γαρ,
804 2395 914 2462 vel
959 2390 1190 2484 ἀμφί,
1241 2394 1284 2460 i.
1319 2417 1377 2461 e.
1420 2391 1688 2487 ἄναφι·
1758 2394 1879 2462 sed
1912 2395 2109 2462 etiam
2157 2416 2336 2461 nunc
2384 2392 2779 2478 mutilando,

566 2507 645 2567 ut
682 2521 766 2566 ex
793 2499 966 2621 πέρι
999 2496 1132 2591 πὲρ
1162 2497 1448 2578 factum3
1492 2518 1672 2564 nunc
1707 2499 2078 2590 correptius
2103 2496 2652 2589 pronunciando,
2703 2505 2784 2563 ut

568 2623 656 2670 ex
705 2593 891 2696 μήν,
964 2592 1122 2694 δή,
1153 2598 1274 2673 τοί
1316 2600 1702 2669 exstiterunt
1739 2603 1936 2723 με’νζ
1985 2602 2101 2687 δέ,
2168 2627 2291 2691 τε,
2355 2623 2532 2668 nunc
2579 2600 2783 2668 etiam
2877 2645 2886 2653 -

566 2712 853 2792 utraque
880 2702 1140 2770 ratione
1180 2703 1566 2790 coniuncta,
1616 2713 1694 2771 ut
1731 2727 1815 2774 ex
1847 2703 1977 2776 νῦν
2001 2703 2256 2770 dictum
2281 2712 2384 2771 est
2412 2697 2519 2776 νύ.
2622 2703 2783 2771 Ηιι-

567 2805 857 2875 iusmodi
890 2804 1099 2873 multa
1133 2807 1441 2899 exempla
1472 2807 1671 2875 etiam
1696 2807 1766 2877 in
1796 2807 2202 2875 Germanica
2232 2808 2463 2898 lingua
2504 2815 2779 2876 exstant.

566 2910 674 2978 lta
700 2908 892 2978 doch
920 2931 1004 2977 ex
1034 2908 1142 2977 da
1166 2909 1384 2999 auch,
1422 2909 1613 2978 noch
1642 2933 1727 2978 ex
1749 2910 1946 2979 nach
1972 2909 2165 2979 auch
2193 2911 2521 2981 exstitere.
2585 2910 2782 2977 Aliae

571 3035 659 3082 ex
693 3013 1064 3081 nominibus
1103 3011 1441 3082 adiectivis
1475 3014 1695 3082 factae
1728 3023 1913 3100 sunt,
1965 3022 2040 3084 ut
2079 3007 2263 3086 ἄλλοί
2280 3040 2308 3103 ,·
2358 3015 2469 3082 vel
2499 3035 2584 3084 ex
2608 3006 2785 3104 pro-4
2890 3061 2892 3065 ι

569 3116 968 3201 nominibus,
1018 3123 1093 3182 ut
1123 3112 1242 3188 ὅτι
1262 3142 1289 3206 ‚-
1338 3118 1562 3186 velex
1607 3117 1976 3200 adverbiiS‚
2027 3124 2104 3183 ut
2130 3110 2322 3195 πού,
2372 3110 2558 3206 nais-‚-
2610 3115 2783 3184 aliae

434 3223 465 3254 -’
571 3240 661 3289 ex
686 3218 906 3287 verbis
939 3226 1090 3286 sunt
1120 3218 1478 3307 derivatae,
1527 3229 1603 3288 ιιι
1630 3218 1820 3315 ἄρας
1870 3220 2032 3309 quin
2062 3219 2261 3287 etiam
2285 3220 2548 3311 integra
2573 3221 2784 3288 verba

571 3331 688 3391 aut
722 3321 1214 3390 enunciationes
1243 3323 1310 3391 in
1351 3323 1712 3415 particulas
1750 3344 1985 3394 versae
2028 3331 2210 3409 sunt,
2261 3331 2337 3390 ut
2367 3318 2659 3414 α’μέλει,
2714 3332 2785 3391 et

571 3426 764 3518 apud
788 3447 909 3493 nos
922 3447 1152 3512 zwar,
1186 3427 1373 3514 quod
1400 3436 1500 3495 est
1529 3450 1610 3496 ex
1629 3448 1707 3496 es
1737 3424 1836 3495 ist
1858 3425 2074 3495 wahr
2101 3435 2531 3498 contractum.
2585 3427 2784 3495 Haec

572 3529 694 3619 qui
745 3528 1297 3615 consideraverit,
1369 3552 1504 3598 non
1551 3529 1915 3620 dubitabit,
1982 3528 2263 3621 opinor,
2327 3528 2491 3618 quin
2547 3527 2638 3601 ἄν
2696 3551 2784 3599 ex

573 3630 717 3706 ἄνα
736 3686 764 3720 ,
817 3631 935 3703 miv
965 3640 1188 3701 autem
1216 3654 1310 3700 ex
1334 3659 1455 3705 και
1489 3632 1571 3701 sit
1596 3642 1837 3702 ortum.
2161 3693 2165 3697 .
2765 3684 2777 3704 ,

692 3767 695 3770 ·
776 3734 870 3801 Ει
899 3761 977 3806 κε
1022 3734 1296 3823 quidem
1334 3758 1531 3804 nemo
1561 3759 1698 3804 non
1733 3737 1918 3805 videt
1950 3757 2154 3825 quam
2185 3734 2269 3802 sit
2295 3735 2494 3803 etiam
2523 3735 2782 3827 signifi-

576 3844 729 3906 catu
763 3859 916 3904 cum
943 3837 1277 3928 particula
1318 3838 1438 3910 καὶ
1475 3847 1781 3931 cognata.
1884 3839 2117 3907 Habet
2163 3839 2343 3907 enim
2386 3836 2503 3910 καὶ
2545 3848 2786 3905 natura

574 3964 697 4010 sua
739 3940 874 4007 vim
921 3942 1284 4029 quamdam
1336 3941 1687 4026 dilatandi,
1743 3953 1850 4030 ut,
1909 3941 1999 4009 de
2045 3963 2183 4032 quo
2232 3941 2506 4028 dicitur,
2566 3941 2641 4008 id
2694 3940 2786 4008 de
2909 4012 2921 4035 ,

570 4043 874 4135 pluribus
918 4065 1123 4112 unum
1160 4045 1439 4136 intelligi
1481 4045 1749 4113 indicet.
1850 4044 2063 4133 Atqui
2106 4066 2191 4114 eo
2243 4044 2444 4130 illud,
2507 4043 2597 4113 de
2644 4066 2783 4132 quo

573 4146 835 4231 dicitur,
881 4146 1386 4235 quodammodo
1405 4148 1734 4216 incertum
1758 4148 1855 4235 fit,
1904 4155 1980 4214 ut
2010 4146 2195 4236 quod
2224 4170 2360 4214 non
2390 4147 2785 4215 necessitate

572 4248 900 4339 quadam,
953 4249 1075 4317 sed
1112 4251 1325 4343 magis
1352 4274 1482 4342 pro
1516 4253 1848 4344 exemplo,
1903 4251 2125 4339 qualia
2153 4250 2354 4340 plura
2385 4250 2529 4336 sint,
2592 4273 2785 4316 com-

566 4364 998 4450 memoretur.
1048 4354 1381 4445 Apertum
1399 4364 1500 4423 est
1529 4356 1723 4442 enim,
1752 4376 1956 4446 quam
1983 4375 2227 4444 parum
2257 4353 2527 4437 intersit,
2561 4362 2787 4420 utrum

574 4452 653 4537 ὅς
694 4482 774 4529 κε
802 4451 1013 4536 θεοῖς
1041 4457 1551 4555 ἐπιπείθηται,
1604 4482 1693 4527 an
1732 4457 1810 4541 ὃς
1858 4455 1980 4529 καὶ
2026 4461 2229 4538 θεοῖς
2275 4453 2784 4551 ἐπιπείθηται·
