3284 5159
587 410 715 474 132
1294 405 2014 468 DE-PARTICVLA
2058 400 2154 470 ἄν

586 598 883 683 lativum,
936 596 1047 665 cui
1077 595 1186 676 τίς
1217 596 1609 689 respondet,
1653 619 1800 664 esse
1837 594 2284 664 referendam.
2389 596 2497 664 Ex
2528 617 2614 663 eo
2643 594 2824 665 enim

586 701 986 793 pronomine
1018 698 1388 768 derivatum
1421 699 1819 767 adverbium
1848 706 2001 778 ἵνα,
2042 697 2165 767 ubi
2190 699 2592 792 significans.
2644 699 2824 765 Nam

587 804 869 872 Porsoni
912 801 1336 889 coniectura,
1392 802 1459 870 in
1491 802 1947 871 Miscellaneis
1991 802 2133 870 eius
2167 825 2208 869 a
2234 802 2494 870 Kiddio‘
2531 826 2602 894 p.
2648 798 2823 868 3⁰2.

587 906 891 999 prodita,
946 906 1066 977 ἵνα
1111 928 1261 974 esse
1309 909 1379 979 ἰν
1418 902 1470 1000 ᾇ
1487 956 1508 992 ‚
1560 905 1602 974 i.
1649 929 1709 974 e.
1742 910 1817 978 ἐν
1848 900 1901 999 ᾇ
1920 953 1940 986 ‚
1992 907 2239 975 rectius
2283 904 2603 974 oblivioni
2648 911 2832 971 esset

588 1008 852 1080 tradita.
955 1008 1085 1075 Est
1119 1016 1345 1077 autem
1379 1014 1500 1081 ἵνα
1532 1008 1999 1089 tantummodo
2035 1008 2411 1093 relativum,
2462 1030 2686 1098 neque
2716 1006 2827 1074 in-

585 1110 1027 1205 terrogationi
1055 1133 1192 1178 non
1226 1112 1545 1201 obliquae
1577 1112 1888 1180 adhiberi
1915 1120 2180 1204 potest:
2234 1111 2423 1202 quod
2451 1120 2636 1180 recte
2668 1132 2827 1178 mo-

587 1216 731 1283 nuit
766 1213 1126 1283 Elmsleius
1157 1215 1248 1283 ad
1288 1212 1465 1283 Oed.
1509 1216 1597 1283 R.
1628 1209 1854 1284 1515.
1962 1215 2190 1287 Nam
2171 1239 2240 1284 m
2267 1239 2350 1284 ea
2375 1214 2610 1283 fabula
2634 1211 2828 1347 quod

586 1342 652 1391 v.
684 1315 857 1387 946.
888 1316 1172 1411 legitur,

1848 1498 1902 1543 ω
1939 1470 2137 1545 θεῶν
2162 1462 2651 1564 μαντεύματα
2670 1519 2692 1558 ,

795 1579 863 1644 ἵν
883 1568 898 1588 ’
941 1573 1138 1656 ἐστέ,
2789 1570 2795 1577 ’

588 1748 725 1792 non
753 1735 855 1795 est
880 1724 1349 1818 interrogantis
1363 1773 1415 1847 ⁹..
1440 1723 1564 1794 sed
1594 1721 1872 1813 oblique
1900 1725 2329 1793 exclamantis
2346 1774 2366 1811 ‚
2420 1722 2661 1793 sicuti
2640 1747 2709 1792 ιιι
2722 1740 2824 1794 eo

585 1851 841 1922 genere
900 1825 990 1908 ὥς
1003 1881 1031 1916 ,
1108 1851 1248 1896 non
1301 1825 1446 1908 πῶς
1505 1825 2109 1919 dicitur.1taque
2163 1837 2351 1897 recte
2411 1827 2824 1916 scholiastes,

591 1929 780 2005 ὅπου
812 1929 995 2004 ἐστέ.
1076 1951 1093 1957 ·

794 2032 1214 2103 Construitur
1266 2040 1491 2099 autem
1534 2037 1655 2103 ἵνα
1697 2028 1820 2099 uba·
1859 2032 2240 2124 significans
2256 2078 2276 2115 ‚
2344 2040 2420 2098 ut
2463 2039 2822 2101 consenta-

587 2158 790 2205 neum
820 2144 963 2219 est,
1017 2158 1174 2203 enm
1199 2134 1566 2203 indicativis
1595 2134 1895 2203 omnium
1936 2145 2360 2227 temporum,
2412 2157 2635 2231 neque
2668 2143 2822 2202 tan-

587 2251 730 2308 tum
758 2237 942 2330 apud
971 2247 1234 2330 poetas,
1286 2237 1410 2307 sed
1445 2238 1644 2305 etiam
1662 2238 1850 2329 apud
1880 2239 2247 2330 scriptores
2275 2256 2524 2327 prosae
2559 2236 2817 2305 oratio-

586 2343 707 2416 nis
814 2340 962 2410 Sed
988 2342 1104 2409 illa
1129 2340 1263 2409 loci
1294 2341 1695 2433 significatio
1737 2349 1840 2409 est
1877 2343 1995 2410 ubi
2018 2343 2210 2410 latius
2240 2349 2509 2432 pateat,
2560 2341 2819 2409 minus-

590 2468 725 2536 que
756 2437 1036 2513 definita
1061 2444 1180 2530 sit,
1230 2452 1307 2511 ut
1342 2442 1598 2534 odyss,
1623 2451 1676 2530 ζ.
1714 2443 1837 2512 ΖΊ.
2812 2469 2822 2479 ·

576 2622 596 2643 ·
692 2595 807 2667 σοι
843 2595 920 2669 δὲ
949 2620 1180 2688 γαμος
1210 2588 1527 2686 σχεδόν’
1492 2624 1735 2688 εστιν,
1790 2604 1911 2672 ἵνα
1940 2621 2071 2693 χρη
2113 2588 2301 2668 καλα
2325 2594 2464 2686 μὲν
2496 2587 2728 2691 αὐτην

688 2704 1072 2776 ἕννυσθαι,
1124 2726 1225 2771 τα
1254 2699 1331 2772 δὲ
1361 2704 1557 2773 τοῖσι
1585 2707 2015 2797 παρασχεῖν,
2071 2704 2155 2770 οἴ
2173 2698 2258 2772 κε’
2281 2694 2341 2770 σ’
2368 2695 2712 2790 ἄγωνται.

585 2851 720 2921 Hic
750 2852 1028 2943 quidem
1072 2862 1255 2921 certe
1300 2853 1390 2919 ad
1437 2854 1705 2946 nuptias
1750 2856 1844 2924 ita
1882 2856 2203 2940 refertur,
2256 2859 2333 2920 ut
2375 2849 2464 2921 de
2505 2858 2819 2943 tempore

582 2956 811 3048 potius
839 2978 1044 3045 quam
1081 2955 1170 3024 de
1205 2957 1361 3023 loco
1389 2956 1472 3024 sit
1511 2957 1965 3050 cogitandum.
2047 2958 2140 3024 Et
2170 2956 2265 3024 sic
2300 2955 2502 3023 etiam
2529 2953 2718 3022 Iliad.
2750 2980 2815 3051 η.

585 3055 761 3126 353.
792 3057 881 3126 de
911 3082 1048 3148 quo
1088 3059 1242 3126 loco
1276 3081 1435 3126 mox
1462 3059 1739 3133 dicetur.
1819 3063 1977 3136 Nec',
1993 3061 2233 3128 mirum
2263 3080 2475 3148 quum
2506 3058 2817 3130 omnibus

585 3162 655 3229 in
685 3161 928 3252 linguis
958 3161 1092 3229 loci
1135 3160 1457 3230 adverbia
1493 3165 1696 3231 etiam
1729 3164 1819 3232 ad
1850 3174 2121 3256 tempus
2156 3160 2499 3230 transferri
2533 3162 2812 3230 soleant.

583 3264 679 3331 Et
704 3260 826 3330 ubi
868 3263 1143 3352 quidem
1175 3285 1395 3352 quum·
1420 3265 1752 3358 significat
1785 3290 1920 3336 vox
1953 3267 2103 3354 illa,
2159 3266 2361 3333 etiam
2407 3287 2563 3331 cum
2598 3263 2816 3356 parti-

588 3366 739 3434 cula
762 3363 857 3437 ἄν
884 3367 1330 3458 coniungitur,
1382 3377 1458 3435 ut
1484 3370 1567 3437 sit
1592 3362 2036 3463 ubicumque.
2090 3368 2330 3459 Eurip.
2356 3367 2500 3434 Ion.
2534 3363 2710 3435 315.

521 3586 525 3593 .
690 3514 885 3590 ἅπαν
917 3518 1109 3592 θεοῦ
1134 3546 1269 3612 μοι
1308 3517 1497 3615 δῶμ’
1514 3577 1542 3611 ,
1597 3520 1698 3596 ἵν’
1719 3523 1813 3599 ἄν
1842 3517 2028 3621 λάβῃ
2054 3516 2143 3617 μ’
2178 3505 2420 3621 ὕπνος.

584 3666 934 3764 An’stoph.
961 3671 1136 3740 Plut.
1183 3668 1402 3742 1151.

546 3911 551 3916 ,
620 3912 625 3917 ,
687 3824 949 3920 πατρὶς
975 3818 1118 3922 γάρ
1150 3831 1307 3900 ἐστι
1338 3825 1554 3923 aad,
1610 3823 1715 3899 ἵν’
1748 3827 1842 3901 ἄν
1876 3823 2164 3926 πράττῃ
2199 3854 2310 3907 τις
2342 3820 2442 3898 εὖ.

434 4060 439 4070 ,
584 3975 1019 4046 Nub.1232.

687 4130 807 4202 καὶ
844 4129 1031 4204 ταῦτ
1043 4124 1462 4253 ’ἐθελήσεις
1490 4127 1868 4226 οἷπομᾶσαι
1899 4158 2035 4225 μοι
2064 4156 2235 4211 τους
2256 4121 2511 4210 θεούς
2606 4220 2612 4225 ‚

688 4229 786 4305 ἵν
815 4260 908 4306 αν
934 4226 1281 4307 κελεύσω’
1280 4262 1381 4325 γω
1416 4258 1515 4307 σε

583 4407 787 4475 quem
816 4385 1045 4455 locum
1079 4410 1219 4455 non
1253 4385 1563 4457 debebat
1578 4386 1935 4457 sollicitare
1969 4386 2327 4481 Reisigius.
2432 4380 2613 4454 Illud
2641 4405 2811 4453 vero
