<?xml version="1.0" encoding="UTF-8"?>
<!DOCTYPE html PUBLIC "-//W3C//DTD XHTML 1.0 Transitional//EN"
    "http://www.w3.org/TR/xhtml1/DTD/xhtml1-transitional.dtd">
<html xmlns="http://www.w3.org/1999/xhtml" xml:lang="en" lang="en">
 <head>
  <title>
</title>
<meta http-equiv="Content-Type" content="text/html;charset=utf-8" />
  <meta name='ocr-system' content='tesseract 3.04.00' />
  <meta name='ocr-capabilities' content='ocr_page ocr_carea ocr_par ocr_line ocrx_word'/>
</head>
<body>
  <div class='ocr_page' id='page_1' title='image "./departicuvlaanl00hermgoog_0147.png"; bbox 0 0 3284 5159; ppageno 0'>
   <div class='ocr_carea' id='block_1_1' title="bbox 1229 384 2706 482">
    <p class='ocr_par' dir='ltr' id='par_1_1' title="bbox 1229 384 2706 482">
     <span class='ocr_line' id='line_1_1' title="bbox 1229 384 2706 482; baseline 0.009 -17"><span class='ocrx_word' id='word_1_1' title='bbox 1229 384 1522 468; x_wconf 70' lang='lat' dir='ltr'><strong>L&#39;113.11.</strong></span> <span class='ocrx_word' id='word_1_2' title='bbox 1608 404 1798 468; x_wconf 75' lang='lat' dir='ltr'><strong>cAP.</strong></span> <span class='ocrx_word' id='word_1_3' title='bbox 1854 411 1954 473; x_wconf 69' lang='lat' dir='ltr'><strong>la</strong></span> <span class='ocrx_word' id='word_1_4' title='bbox 2409 404 2420 415; x_wconf 68' lang='lat'>²</span> <span class='ocrx_word' id='word_1_5' title='bbox 2577 411 2706 482; x_wconf 73' lang='lat'><strong><em>135</em></strong></span> 
     </span>
    </p>
   </div>
   <div class='ocr_carea' id='block_1_2' title="bbox 480 594 2806 1000">
    <p class='ocr_par' dir='ltr' id='par_1_2' title="bbox 480 594 2806 1000">
     <span class='ocr_line' id='line_1_2' title="bbox 484 594 2806 692; baseline 0.001 -27"><span class='ocrx_word' id='word_1_6' title='bbox 484 597 727 666; x_wconf 85' lang='lat' dir='ltr'><strong>ticulae</strong></span> <span class='ocrx_word' id='word_1_7' title='bbox 763 604 1312 666; x_wconf 88' lang='lat' dir='ltr'><strong>commemorant.</strong></span> <span class='ocrx_word' id='word_1_8' title='bbox 1413 598 1647 691; x_wconf 80' lang='lat' dir='ltr'><strong>Etym.</strong></span> <span class='ocrx_word' id='word_1_9' title='bbox 1687 598 1790 668; x_wconf 92' lang='grc' dir='ltr'><strong><em>Μ.</em></strong></span> <span class='ocrx_word' id='word_1_10' title='bbox 1826 598 2103 688; x_wconf 88' lang='lat' dir='ltr'><strong>quidem</strong></span> <span class='ocrx_word' id='word_1_11' title='bbox 2140 622 2213 692; x_wconf 87' lang='lat' dir='ltr'><strong><em>p.</em></strong></span> <span class='ocrx_word' id='word_1_12' title='bbox 2255 594 2452 684; x_wconf 76' lang='lat'>471,</span> <span class='ocrx_word' id='word_1_13' title='bbox 2499 596 2569 670; x_wconf 83' lang='lat'><strong><em>6.</em></strong></span> <span class='ocrx_word' id='word_1_14' title='bbox 2620 621 2705 668; x_wconf 82' lang='lat' dir='ltr'><strong><em>ex</em></strong></span> <span class='ocrx_word' id='word_1_15' title='bbox 2804 676 2806 678; x_wconf 49' lang='grc'><strong>,</strong></span> 
     </span>
     <span class='ocr_line' id='line_1_3' title="bbox 482 693 2705 796; baseline 0.002 -25"><span class='ocrx_word' id='word_1_16' title='bbox 482 701 827 794; x_wconf 81' lang='lat' dir='ltr'><strong>Apollonii</strong></span> <span class='ocrx_word' id='word_1_17' title='bbox 859 702 1025 771; x_wconf 71' lang='lat' dir='ltr'><strong>Lex,</strong></span> <span class='ocrx_word' id='word_1_18' title='bbox 1067 700 1278 774; x_wconf 89' lang='lat' dir='ltr'><strong>Hom.</strong></span> <span class='ocrx_word' id='word_1_19' title='bbox 1322 701 1416 770; x_wconf 86' lang='lat' dir='ltr'><strong>ita</strong></span> <span class='ocrx_word' id='word_1_20' title='bbox 1447 703 1921 796; x_wconf 85' lang='lat' dir='ltr'><strong>integrandum</strong></span> <span class='ocrx_word' id='word_1_21' title='bbox 1951 702 2247 772; x_wconf 83' lang='lat' dir='ltr'><strong>videtur.</strong></span> <span class='ocrx_word' id='word_1_22' title='bbox 2300 693 2433 774; x_wconf 79' lang='grc' dir='ltr'><strong><em>τόν</em></strong></span> <span class='ocrx_word' id='word_1_23' title='bbox 2466 729 2705 775; x_wconf 86' lang='grc' dir='ltr'><strong><em>αιτιο-</em></strong></span> 
     </span>
     <span class='ocr_line' id='line_1_4' title="bbox 483 798 2701 902; baseline 0 -25"><span class='ocrx_word' id='word_1_24' title='bbox 483 798 776 896; x_wconf 80' lang='grc' dir='ltr'><strong><em>λογικόν</em></strong></span> <span class='ocrx_word' id='word_1_25' title='bbox 814 799 1255 895; x_wconf 75' lang='grc' dir='ltr'><strong><em>σύνδεσμον,</em></strong></span> <span class='ocrx_word' id='word_1_26' title='bbox 1310 833 1399 886; x_wconf 84' lang='grc' dir='ltr'><strong><em>ως</em></strong></span> <span class='ocrx_word' id='word_1_27' title='bbox 1434 799 1560 890; x_wconf 88' lang='grc' dir='ltr'><strong><em>τό,</em></strong></span> <span class='ocrx_word' id='word_1_28' title='bbox 1612 806 1660 902; x_wconf 85' lang='grc' dir='ltr'><em>ἢ</em></span> <span class='ocrx_word' id='word_1_29' title='bbox 1714 812 1860 880; x_wconf 78' lang='grc' dir='ltr'><strong><em>ἵνα</em></strong></span> <span class='ocrx_word' id='word_1_30' title='bbox 1913 803 2183 902; x_wconf 79' lang='grc' dir='ltr'><strong><em>ὕβριν</em></strong></span> <span class='ocrx_word' id='word_1_31' title='bbox 2235 807 2383 900; x_wconf 84' lang='grc' dir='ltr'><strong><em>ἴδῃ</em></strong></span> <span class='ocrx_word' id='word_1_32' title='bbox 2425 800 2701 898; x_wconf 89' lang='grc' dir='ltr'><strong><em>Λγα-</em></strong></span> 
     </span>
     <span class='ocr_line' id='line_1_5' title="bbox 480 901 2702 1000; baseline 0 -20"><span class='ocrx_word' id='word_1_33' title='bbox 480 909 976 1000; x_wconf 77' lang='grc' dir='ltr'><strong><em>μέμνονος</em></strong></span> <span class='ocrx_word' id='word_1_34' title='bbox 1049 902 1214 979; x_wconf 80' lang='grc' dir='ltr'><strong><em>ᾰντὶ</em></strong></span> <span class='ocrx_word' id='word_1_35' title='bbox 1242 907 1404 981; x_wconf 79' lang='grc' dir='ltr'><strong><em>τοῦ</em></strong></span> <span class='ocrx_word' id='word_1_36' title='bbox 1447 904 1680 983; x_wconf 87' lang='grc' dir='ltr'><strong><em>διότι·</em></strong></span> <span class='ocrx_word' id='word_1_37' title='bbox 1733 902 1867 982; x_wconf 75' lang='grc' dir='ltr'><strong><em>τόν</em></strong></span> <span class='ocrx_word' id='word_1_38' title='bbox 1916 901 2479 983; x_wconf 74' lang='grc' dir='ltr'><strong><em>ἁποτελεστικον</em></strong></span> <span class='ocrx_word' id='word_1_39' title='bbox 2532 902 2702 980; x_wconf 85' lang='grc' dir='ltr'><strong><em>σύν·</em></strong></span> 
     </span>
    </p>
   </div>
   <div class='ocr_carea' id='block_1_3' title="bbox 481 1002 2754 1206">
    <p class='ocr_par' dir='ltr' id='par_1_3' title="bbox 481 1002 2754 1206">
     <span class='ocr_line' id='line_1_6' title="bbox 484 1002 2703 1105; baseline -0.002 -21"><span class='ocrx_word' id='word_1_40' title='bbox 484 1012 806 1104; x_wconf 85' lang='grc' dir='ltr'><strong><em>δεσμον,</em></strong></span> <span class='ocrx_word' id='word_1_41' title='bbox 876 1037 967 1092; x_wconf 84' lang='grc' dir='ltr'><strong><em>ως</em></strong></span> <span class='ocrx_word' id='word_1_42' title='bbox 1021 1002 1117 1084; x_wconf 70' lang='grc' dir='ltr'><strong><em>τό</em></strong></span> <span class='ocrx_word' id='word_1_43' title='bbox 1181 1016 1330 1084; x_wconf 84' lang='grc' dir='ltr'><strong><em>ἵνα</em></strong></span> <span class='ocrx_word' id='word_1_44' title='bbox 1396 1005 1747 1105; x_wconf 86' lang='grc' dir='ltr'><strong><em>γνω’ωσι</em></strong></span> <span class='ocrx_word' id='word_1_45' title='bbox 1814 1010 1959 1084; x_wconf 81' lang='grc' dir='ltr'><strong><em>καὶ</em></strong></span> <span class='ocrx_word' id='word_1_46' title='bbox 2028 1014 2242 1084; x_wconf 82' lang='grc' dir='ltr'><strong><em>οἵδε.</em></strong></span> <span class='ocrx_word' id='word_1_47' title='bbox 2345 1010 2703 1081; x_wconf 83' lang='lat' dir='ltr'><strong>Bekkerus</strong></span> 
     </span>
     <span class='ocr_line' id='line_1_7' title="bbox 481 1112 2754 1206; baseline -0 -25"><span class='ocrx_word' id='word_1_48' title='bbox 481 1135 696 1204; x_wconf 91' lang='lat' dir='ltr'><strong>quum</strong></span> <span class='ocrx_word' id='word_1_49' title='bbox 723 1112 814 1181; x_wconf 90' lang='lat' dir='ltr'><strong>ad</strong></span> <span class='ocrx_word' id='word_1_50' title='bbox 840 1114 1159 1205; x_wconf 87' lang='lat' dir='ltr'><strong>Apollon.</strong></span> <span class='ocrx_word' id='word_1_51' title='bbox 1193 1112 1281 1181; x_wconf 90' lang='lat' dir='ltr'><strong><em>de</em></strong></span> <span class='ocrx_word' id='word_1_52' title='bbox 1307 1124 1483 1205; x_wconf 76' lang='lat' dir='ltr'><strong>synt.</strong></span> <span class='ocrx_word' id='word_1_53' title='bbox 1512 1113 1688 1199; x_wconf 84' lang='grc'><strong><em>268,</em></strong></span> <span class='ocrx_word' id='word_1_54' title='bbox 1719 1112 1841 1187; x_wconf 78' lang='lat'><strong><em>24.</em></strong></span> <span class='ocrx_word' id='word_1_55' title='bbox 1871 1115 2313 1183; x_wconf 63' lang='lat' dir='ltr'><strong>massalem*</strong></span> <span class='ocrx_word' id='word_1_56' title='bbox 2276 1141 2394 1186; x_wconf 88' lang='grc' dir='ltr'><strong><em>ινα</em></strong></span> <span class='ocrx_word' id='word_1_57' title='bbox 2424 1115 2703 1206; x_wconf 79' lang='lat' dir='ltr'><strong>agnosci</strong></span> <span class='ocrx_word' id='word_1_58' title='bbox 2745 1196 2754 1199; x_wconf 17' lang='grc' dir='ltr'><strong>μ</strong></span> 
     </span>
    </p>
   </div>
   <div class='ocr_carea' id='block_1_4' title="bbox 468 1215 2703 3301">
    <p class='ocr_par' dir='ltr' id='par_1_4' title="bbox 470 1215 2703 3075">
     <span class='ocr_line' id='line_1_8' title="bbox 480 1215 2701 1311; baseline -0 -27"><span class='ocrx_word' id='word_1_59' title='bbox 480 1216 746 1309; x_wconf 82' lang='lat' dir='ltr'><strong>scripsit</strong></span> <span class='ocrx_word' id='word_1_60' title='bbox 791 1219 989 1286; x_wconf 90' lang='lat' dir='ltr'><strong>etiam</strong></span> <span class='ocrx_word' id='word_1_61' title='bbox 1029 1217 1116 1285; x_wconf 84' lang='lat' dir='ltr'><strong>ab</strong></span> <span class='ocrx_word' id='word_1_62' title='bbox 1146 1217 1513 1309; x_wconf 87' lang='lat' dir='ltr'><strong>Apollonio</strong></span> <span class='ocrx_word' id='word_1_63' title='bbox 1551 1218 1857 1311; x_wconf 82' lang='lat' dir='ltr'><strong>sophista</strong></span> <span class='ocrx_word' id='word_1_64' title='bbox 1901 1226 1970 1286; x_wconf 92' lang='lat' dir='ltr'><strong><em>et</em></strong></span> <span class='ocrx_word' id='word_1_65' title='bbox 2008 1216 2363 1286; x_wconf 85' lang='lat' dir='ltr'><strong>Eustathio</strong></span> <span class='ocrx_word' id='word_1_66' title='bbox 2403 1241 2477 1308; x_wconf 91' lang='lat' dir='ltr'><strong><em>p.</em></strong></span> <span class='ocrx_word' id='word_1_67' title='bbox 2524 1215 2701 1304; x_wconf 71' lang='lat'><strong>793,</strong></span> 
     </span>
     <span class='ocr_line' id='line_1_9' title="bbox 481 1317 2700 1412; baseline 0 -25"><span class='ocrx_word' id='word_1_68' title='bbox 481 1317 606 1393; x_wconf 90' lang='grc'><strong><em>55.</em></strong></span> <span class='ocrx_word' id='word_1_69' title='bbox 638 1343 773 1389; x_wconf 89' lang='lat' dir='ltr'><strong><em>non</em></strong></span> <span class='ocrx_word' id='word_1_70' title='bbox 799 1322 1192 1389; x_wconf 81' lang='lat' dir='ltr'><strong>meminerat</strong></span> <span class='ocrx_word' id='word_1_71' title='bbox 1215 1322 1503 1411; x_wconf 78' lang='lat' dir='ltr'><strong>testium,</strong></span> <span class='ocrx_word' id='word_1_72' title='bbox 1556 1341 1728 1412; x_wconf 91' lang='lat' dir='ltr'><strong>quos</strong></span> <span class='ocrx_word' id='word_1_73' title='bbox 1756 1321 1910 1390; x_wconf 88' lang='lat' dir='ltr'><strong>satis</strong></span> <span class='ocrx_word' id='word_1_74' title='bbox 1934 1323 2180 1389; x_wconf 89' lang='lat' dir='ltr'><strong>multos</strong></span> <span class='ocrx_word' id='word_1_75' title='bbox 2207 1320 2513 1389; x_wconf 91' lang='lat' dir='ltr'><strong>adhibuit</strong></span> <span class='ocrx_word' id='word_1_76' title='bbox 2543 1321 2700 1388; x_wconf 90' lang='lat' dir='ltr'><strong>Sui-</strong></span> 
     </span>
     <span class='ocr_line' id='line_1_10' title="bbox 480 1423 2700 1513; baseline -0 -20"><span class='ocrx_word' id='word_1_77' title='bbox 480 1447 674 1493; x_wconf 90' lang='lat' dir='ltr'><strong>cerus</strong></span> <span class='ocrx_word' id='word_1_78' title='bbox 708 1424 776 1491; x_wconf 88' lang='lat' dir='ltr'><strong><em>in</em></strong></span> <span class='ocrx_word' id='word_1_79' title='bbox 808 1424 1198 1510; x_wconf 83' lang='lat' dir='ltr'><strong>Thesauro,</strong></span> <span class='ocrx_word' id='word_1_80' title='bbox 1248 1425 1398 1493; x_wconf 89' lang='lat' dir='ltr'><strong>illos</strong></span> <span class='ocrx_word' id='word_1_81' title='bbox 1431 1435 1657 1494; x_wconf 90' lang='lat' dir='ltr'><strong>autem</strong></span> <span class='ocrx_word' id='word_1_82' title='bbox 1691 1435 1832 1493; x_wconf 91' lang='lat' dir='ltr'><strong><em>tum</em></strong></span> <span class='ocrx_word' id='word_1_83' title='bbox 1864 1423 2163 1492; x_wconf 89' lang='lat' dir='ltr'><strong>nondum</strong></span> <span class='ocrx_word' id='word_1_84' title='bbox 2198 1423 2478 1507; x_wconf 81' lang='lat' dir='ltr'><strong>viderat,</strong></span> <span class='ocrx_word' id='word_1_85' title='bbox 2530 1446 2700 1513; x_wconf 90' lang='lat' dir='ltr'><strong>quos</strong></span> 
     </span>
     <span class='ocr_line' id='line_1_11' title="bbox 475 1526 2698 1621; baseline -0 -25"><span class='ocrx_word' id='word_1_86' title='bbox 475 1536 720 1621; x_wconf 90' lang='lat' dir='ltr'><strong>postea</strong></span> <span class='ocrx_word' id='word_1_87' title='bbox 748 1529 815 1595; x_wconf 88' lang='lat' dir='ltr'><strong><em>in</em></strong></span> <span class='ocrx_word' id='word_1_88' title='bbox 844 1527 1212 1597; x_wconf 86' lang='lat' dir='ltr'><strong>Anecdotis</strong></span> <span class='ocrx_word' id='word_1_89' title='bbox 1250 1527 1483 1598; x_wconf 86' lang='lat' dir='ltr'><strong>edidit.</strong></span> <span class='ocrx_word' id='word_1_90' title='bbox 1566 1529 1662 1597; x_wconf 86' lang='lat' dir='ltr'><strong><em>Et</em></strong></span> <span class='ocrx_word' id='word_1_91' title='bbox 1692 1528 2092 1621; x_wconf 83' lang='lat' dir='ltr'><strong>Apollonius</strong></span> <span class='ocrx_word' id='word_1_92' title='bbox 2126 1526 2403 1617; x_wconf 90' lang='lat' dir='ltr'><strong>quidem</strong></span> <span class='ocrx_word' id='word_1_93' title='bbox 2432 1527 2549 1600; x_wconf 89' lang='lat' dir='ltr'><strong>lib.</strong></span> <span class='ocrx_word' id='word_1_94' title='bbox 2580 1527 2698 1595; x_wconf 91' lang='lat'><strong>111.</strong></span> 
     </span>
     <span class='ocr_line' id='line_1_12' title="bbox 478 1626 2703 1755; baseline 0.001 -54"><span class='ocrx_word' id='word_1_95' title='bbox 478 1630 569 1702; x_wconf 88' lang='lat' dir='ltr'><strong><em>de</em></strong></span> <span class='ocrx_word' id='word_1_96' title='bbox 604 1631 863 1721; x_wconf 82' lang='lat' dir='ltr'><strong>syntaxi</strong></span> <span class='ocrx_word' id='word_1_97' title='bbox 896 1655 953 1698; x_wconf 90' lang='lat' dir='ltr'><strong><em>c.</em></strong></span> <span class='ocrx_word' id='word_1_98' title='bbox 992 1628 1111 1700; x_wconf 81' lang='lat'><strong><em>28.</em></strong></span> <span class='ocrx_word' id='word_1_99' title='bbox 1161 1653 1371 1720; x_wconf 88' lang='lat' dir='ltr'><strong>quum</strong></span> <span class='ocrx_word' id='word_1_100' title='bbox 1411 1632 1723 1755; x_wconf 83' lang='lat' dir='ltr'><strong>exempla</strong></span> <span class='ocrx_word' id='word_1_101' title='bbox 1751 1633 2089 1723; x_wconf 86' lang='lat' dir='ltr'><strong>posuisset</strong></span> <span class='ocrx_word' id='word_1_102' title='bbox 2120 1631 2317 1717; x_wconf 89' lang='lat' dir='ltr'><strong>haec,</strong></span> <span class='ocrx_word' id='word_1_103' title='bbox 2372 1636 2491 1702; x_wconf 83' lang='grc' dir='ltr'><strong><em>ἵνα</em></strong></span> <span class='ocrx_word' id='word_1_104' title='bbox 2517 1626 2703 1703; x_wconf 78' lang='grc' dir='ltr'><strong><em>οἰνα-</em></strong></span> 
     </span>
     <span class='ocr_line' id='line_1_13' title="bbox 476 1727 2700 1856; baseline -0.002 -50"><span class='ocrx_word' id='word_1_105' title='bbox 476 1734 624 1828; x_wconf 78' lang='grc' dir='ltr'><strong><em>γνῶ</em></strong></span> <span class='ocrx_word' id='word_1_106' title='bbox 652 1727 1050 1856; x_wconf 72' lang='grc' dir='ltr'><strong><em>ἐτιμήθην,</em></strong></span> <span class='ocrx_word' id='word_1_107' title='bbox 1108 1741 1228 1807; x_wconf 82' lang='grc' dir='ltr'><strong><em>ἵνα</em></strong></span> <span class='ocrx_word' id='word_1_108' title='bbox 1268 1730 1567 1808; x_wconf 78' lang='grc' dir='ltr'><strong><em>α’ναστῶ</em></strong></span> <span class='ocrx_word' id='word_1_109' title='bbox 1595 1728 1870 1832; x_wconf 77' lang='grc' dir='ltr'><strong><em>ἠνιάθη</em></strong></span> <span class='ocrx_word' id='word_1_110' title='bbox 1920 1728 2269 1830; x_wconf 83' lang='grc' dir='ltr'><strong><em>Τρύφων,</em></strong></span> <span class='ocrx_word' id='word_1_111' title='bbox 2322 1734 2447 1801; x_wconf 81' lang='lat' dir='ltr'><strong><em>sub</em></strong></span> <span class='ocrx_word' id='word_1_112' title='bbox 2491 1735 2700 1802; x_wconf 88' lang='lat' dir='ltr'><strong>finem</strong></span> 
     </span>
     <span class='ocr_line' id='line_1_14' title="bbox 478 1831 2700 1932; baseline 0.001 -28"><span class='ocrx_word' id='word_1_113' title='bbox 478 1836 711 1929; x_wconf 87' lang='lat' dir='ltr'><strong>capitis</strong></span> <span class='ocrx_word' id='word_1_114' title='bbox 733 1890 755 1932; x_wconf 85' lang='grc'><strong>,</strong></span> <span class='ocrx_word' id='word_1_115' title='bbox 807 1837 925 1904; x_wconf 89' lang='lat' dir='ltr'><strong><em>ubi</em></strong></span> <span class='ocrx_word' id='word_1_116' title='bbox 957 1831 1083 1910; x_wconf 82' lang='grc' dir='ltr'><strong><em>ἐοῖν</em></strong></span> <span class='ocrx_word' id='word_1_117' title='bbox 1117 1836 1208 1905; x_wconf 87' lang='lat' dir='ltr'><strong>ad</strong></span> <span class='ocrx_word' id='word_1_118' title='bbox 1235 1837 1463 1907; x_wconf 78' lang='lat' dir='ltr'><strong>futura</strong></span> <span class='ocrx_word' id='word_1_119' title='bbox 1495 1839 1602 1907; x_wconf 82' lang='lat' dir='ltr'><strong><em>vel</em></strong></span> <span class='ocrx_word' id='word_1_120' title='bbox 1628 1838 2012 1931; x_wconf 88' lang='lat' dir='ltr'><strong>praesentia</strong></span> <span class='ocrx_word' id='word_1_121' title='bbox 2045 1836 2285 1905; x_wconf 87' lang='lat' dir='ltr'><strong>referri</strong></span> <span class='ocrx_word' id='word_1_122' title='bbox 2317 1836 2555 1926; x_wconf 88' lang='lat' dir='ltr'><strong>docet,</strong></span> <span class='ocrx_word' id='word_1_123' title='bbox 2607 1838 2700 1906; x_wconf 87' lang='lat' dir='ltr'><strong>ita</strong></span> 
     </span>
     <span class='ocr_line' id='line_1_15' title="bbox 476 1934 2696 2035; baseline 0.001 -26"><span class='ocrx_word' id='word_1_124' title='bbox 476 1939 734 2009; x_wconf 90' lang='lat' dir='ltr'><strong>scribit·</strong></span> <span class='ocrx_word' id='word_1_125' title='bbox 789 1936 1054 2034; x_wconf 78' lang='grc' dir='ltr'><strong><em>ὁμοίως</em></strong></span> <span class='ocrx_word' id='word_1_126' title='bbox 1104 1968 1220 2014; x_wconf 87' lang='grc' dir='ltr'><strong><em>και</em></strong></span> <span class='ocrx_word' id='word_1_127' title='bbox 1282 1938 1326 2013; x_wconf 83' lang='lat' dir='ltr'><strong><em>o‘</em></strong></span> <span class='ocrx_word' id='word_1_128' title='bbox 1372 1949 1518 2015; x_wconf 84' lang='grc' dir='ltr'><strong><em>ἵνα</em></strong></span> <span class='ocrx_word' id='word_1_129' title='bbox 1574 1934 2161 2022; x_wconf 78' lang='grc' dir='ltr'><strong><em>ἀποτελεστικός,</em></strong></span> <span class='ocrx_word' id='word_1_130' title='bbox 2216 1947 2362 2013; x_wconf 88' lang='grc' dir='ltr'><strong><em>ινα</em></strong></span> <span class='ocrx_word' id='word_1_131' title='bbox 2415 1943 2696 2035; x_wconf 83' lang='grc' dir='ltr'><strong><em>φιλο-</em></strong></span> 
     </span>
     <span class='ocr_line' id='line_1_16' title="bbox 473 2037 2695 2165; baseline -0 -48"><span class='ocrx_word' id='word_1_132' title='bbox 473 2038 828 2139; x_wconf 86' lang='grc' dir='ltr'><strong><em>λογήσω</em></strong></span> <span class='ocrx_word' id='word_1_133' title='bbox 880 2040 1639 2165; x_wconf 74' lang='grc' dir='ltr'><strong><em>παραγενήσεται</em></strong></span> <span class='ocrx_word' id='word_1_134' title='bbox 1700 2037 1885 2139; x_wconf 87' lang='grc' dir='ltr'><strong><em>Τρύ</em></strong></span> <span class='ocrx_word' id='word_1_135' title='bbox 1907 2070 2129 2138; x_wconf 88' lang='grc' dir='ltr'><strong><em>φων,</em></strong></span> <span class='ocrx_word' id='word_1_136' title='bbox 2181 2042 2303 2116; x_wconf 81' lang='grc' dir='ltr'><strong><em>καὶ</em></strong></span> <span class='ocrx_word' id='word_1_137' title='bbox 2352 2043 2464 2117; x_wconf 81' lang='grc' dir='ltr'><strong><em>ἔτι</em></strong></span> <span class='ocrx_word' id='word_1_138' title='bbox 2515 2069 2695 2116; x_wconf 88' lang='grc' dir='ltr'><strong><em>πα-</em></strong></span> 
     </span>
     <span class='ocr_line' id='line_1_17' title="bbox 477 2139 2693 2268; baseline 0 -50"><span class='ocrx_word' id='word_1_139' title='bbox 477 2172 521 2244; x_wconf 95' lang='grc' dir='ltr'><strong><em>ρ</em></strong></span> <span class='ocrx_word' id='word_1_140' title='bbox 545 2176 593 2218; x_wconf 90' lang='grc' dir='ltr'><strong><em>α</em></strong></span> <span class='ocrx_word' id='word_1_141' title='bbox 612 2145 698 2240; x_wconf 86' lang='grc' dir='ltr'><strong><em>γί</em></strong></span> <span class='ocrx_word' id='word_1_142' title='bbox 713 2173 755 2219; x_wconf 91' lang='grc' dir='ltr'><strong><em>ν</em></strong></span> <span class='ocrx_word' id='word_1_143' title='bbox 773 2173 865 2219; x_wconf 93' lang='grc' dir='ltr'><strong><em>ετ</em></strong></span> <span class='ocrx_word' id='word_1_144' title='bbox 884 2173 931 2218; x_wconf 92' lang='grc' dir='ltr'><strong><em>α</em></strong></span> <span class='ocrx_word' id='word_1_145' title='bbox 954 2173 1002 2220; x_wconf 90' lang='grc' dir='ltr'><strong><em>ι.</em></strong></span> <span class='ocrx_word' id='word_1_146' title='bbox 1059 2174 1121 2221; x_wconf 89' lang='grc' dir='ltr'><strong><em>ει</em></strong></span> <span class='ocrx_word' id='word_1_147' title='bbox 1152 2173 1303 2268; x_wconf 88' lang='grc' dir='ltr'><strong><em>γαρ</em></strong></span> <span class='ocrx_word' id='word_1_148' title='bbox 1347 2148 1714 2240; x_wconf 76' lang='grc' dir='ltr'><strong><em>ἐγγένοιτο</em></strong></span> <span class='ocrx_word' id='word_1_149' title='bbox 1759 2148 2289 2244; x_wconf 79' lang='grc' dir='ltr'><strong><em>παρῳχημένου</em></strong></span> <span class='ocrx_word' id='word_1_150' title='bbox 2341 2139 2693 2235; x_wconf 74' lang='grc' dir='ltr'><strong><em>σύνταξις,</em></strong></span> 
     </span>
     <span class='ocr_line' id='line_1_18' title="bbox 477 2242 2692 2372; baseline -0.001 -50"><span class='ocrx_word' id='word_1_151' title='bbox 477 2243 785 2323; x_wconf 86' lang='grc' dir='ltr'><strong><em>δύναται</em></strong></span> <span class='ocrx_word' id='word_1_152' title='bbox 847 2246 892 2323; x_wconf 83' lang='grc' dir='ltr'><strong><em>ό</em></strong></span> <span class='ocrx_word' id='word_1_153' title='bbox 924 2242 1292 2372; x_wconf 78' lang='grc' dir='ltr'><strong><em>αι’τιοόδης</em></strong></span> <span class='ocrx_word' id='word_1_154' title='bbox 1353 2242 1759 2324; x_wconf 70' lang='grc' dir='ltr'><strong><em>ἀκούεσθαι</em></strong></span> <span class='ocrx_word' id='word_1_155' title='bbox 1772 2303 1801 2339; x_wconf 86' lang='lat'><em>,</em></span> <span class='ocrx_word' id='word_1_156' title='bbox 1890 2255 1978 2322; x_wconf 82' lang='grc' dir='ltr'><strong><em>ἵν</em></strong></span> <span class='ocrx_word' id='word_1_157' title='bbox 1996 2280 2043 2320; x_wconf 84' lang='grc' dir='ltr'><strong><em>α</em></strong></span> <span class='ocrx_word' id='word_1_158' title='bbox 2125 2276 2179 2344; x_wconf 94' lang='grc' dir='ltr'><strong><em>φ</em></strong></span> <span class='ocrx_word' id='word_1_159' title='bbox 2195 2277 2222 2320; x_wconf 91' lang='grc' dir='ltr'><strong><em>ι</em></strong></span> <span class='ocrx_word' id='word_1_160' title='bbox 2238 2249 2279 2321; x_wconf 81' lang='grc' dir='ltr'><strong><em>λ</em></strong></span> <span class='ocrx_word' id='word_1_161' title='bbox 2297 2272 2338 2320; x_wconf 97' lang='grc' dir='ltr'><strong><em>ο</em></strong></span> <span class='ocrx_word' id='word_1_162' title='bbox 2353 2253 2392 2322; x_wconf 83' lang='grc' dir='ltr'><strong><em>λ</em></strong></span> <span class='ocrx_word' id='word_1_163' title='bbox 2410 2274 2448 2320; x_wconf 97' lang='grc' dir='ltr'><strong><em>ο</em></strong></span> <span class='ocrx_word' id='word_1_164' title='bbox 2464 2277 2508 2341; x_wconf 91' lang='grc' dir='ltr'><strong><em>γ</em></strong></span> <span class='ocrx_word' id='word_1_165' title='bbox 2523 2242 2567 2338; x_wconf 85' lang='grc' dir='ltr'><strong><em>ή</em></strong></span> <span class='ocrx_word' id='word_1_166' title='bbox 2583 2275 2625 2322; x_wconf 93' lang='grc' dir='ltr'><strong><em>σ</em></strong></span> <span class='ocrx_word' id='word_1_167' title='bbox 2640 2276 2692 2320; x_wconf 89' lang='grc' dir='ltr'><strong><em>ω</em></strong></span> 
     </span>
     <span class='ocr_line' id='line_1_19' title="bbox 473 2344 2694 2475; baseline 0 -51"><span class='ocrx_word' id='word_1_168' title='bbox 473 2379 591 2424; x_wconf 87' lang='grc' dir='ltr'><strong><em>πα</em></strong></span> <span class='ocrx_word' id='word_1_169' title='bbox 616 2344 1072 2475; x_wconf 84' lang='grc' dir='ltr'><strong><em>ρεγενήθη</em></strong></span> <span class='ocrx_word' id='word_1_170' title='bbox 1128 2347 1564 2449; x_wconf 84' lang='grc' dir='ltr'><strong><em>Τρύφων·</em></strong></span> <span class='ocrx_word' id='word_1_171' title='bbox 1621 2359 1698 2427; x_wconf 90' lang='grc' dir='ltr'><strong><em>ἐν</em></strong></span> <span class='ocrx_word' id='word_1_172' title='bbox 1736 2354 1865 2448; x_wconf 79' lang='grc' dir='ltr'><strong><em>ἴσω</em></strong></span> <span class='ocrx_word' id='word_1_173' title='bbox 1912 2349 2052 2447; x_wconf 79' lang='grc' dir='ltr'><strong><em>γοὶρ</em></strong></span> <span class='ocrx_word' id='word_1_174' title='bbox 2092 2356 2246 2426; x_wconf 87' lang='grc' dir='ltr'><strong><em>ἐστι</em></strong></span> <span class='ocrx_word' id='word_1_175' title='bbox 2283 2378 2385 2448; x_wconf 87' lang='grc' dir='ltr'><strong><em>τω</em></strong></span> <span class='ocrx_word' id='word_1_176' title='bbox 2440 2346 2694 2424; x_wconf 82' lang='grc' dir='ltr'><strong><em>διότι</em></strong></span> 
     </span>
     <span class='ocr_line' id='line_1_20' title="bbox 474 2449 2691 2554; baseline -0.002 -25"><span class='ocrx_word' id='word_1_177' title='bbox 474 2459 730 2549; x_wconf 84' lang='grc' dir='ltr'><strong><em>ἐφιλο</em></strong></span> <span class='ocrx_word' id='word_1_178' title='bbox 754 2449 1094 2552; x_wconf 85' lang='grc' dir='ltr'><strong><em>λόγησα</em></strong></span> <span class='ocrx_word' id='word_1_179' title='bbox 1149 2482 1201 2526; x_wconf 88' lang='grc' dir='ltr'><strong><em>π</em></strong></span> <span class='ocrx_word' id='word_1_180' title='bbox 1227 2483 1547 2550; x_wconf 87' lang='grc' dir='ltr'><strong><em>αρεγεν</em></strong></span> <span class='ocrx_word' id='word_1_181' title='bbox 1570 2450 1615 2554; x_wconf 88' lang='grc' dir='ltr'><strong><em>ή</em></strong></span> <span class='ocrx_word' id='word_1_182' title='bbox 1637 2465 1755 2550; x_wconf 89' lang='grc' dir='ltr'><strong><em>θη</em></strong></span> <span class='ocrx_word' id='word_1_183' title='bbox 1818 2449 2233 2549; x_wconf 83' lang='grc' dir='ltr'><strong><em>Τρύφων.</em></strong></span> <span class='ocrx_word' id='word_1_184' title='bbox 2321 2451 2410 2528; x_wconf 77' lang='grc' dir='ltr'><strong><em>οὐ</em></strong></span> <span class='ocrx_word' id='word_1_185' title='bbox 2463 2454 2691 2527; x_wconf 78' lang='grc' dir='ltr'><strong><em>τοῦτο</em></strong></span> 
     </span>
     <span class='ocr_line' id='line_1_21' title="bbox 474 2551 2694 2656; baseline -0.001 -24"><span class='ocrx_word' id='word_1_186' title='bbox 474 2561 558 2632; x_wconf 88' lang='grc' dir='ltr'><strong><em>δε’</em></strong></span> <span class='ocrx_word' id='word_1_187' title='bbox 583 2585 797 2656; x_wconf 88' lang='grc' dir='ltr'><strong><em>φημι,</em></strong></span> <span class='ocrx_word' id='word_1_188' title='bbox 830 2556 950 2631; x_wconf 86' lang='grc' dir='ltr'><strong><em>ὅτι</em></strong></span> <span class='ocrx_word' id='word_1_189' title='bbox 992 2556 1109 2629; x_wconf 89' lang='grc' dir='ltr'><strong><em>και</em></strong></span> <span class='ocrx_word' id='word_1_190' title='bbox 1140 2554 1706 2637; x_wconf 75' lang='grc' dir='ltr'><strong><em>α’ποτελεστικως</em></strong></span> <span class='ocrx_word' id='word_1_191' title='bbox 1733 2552 1954 2630; x_wconf 83' lang='grc' dir='ltr'><strong><em>παλιν</em></strong></span> <span class='ocrx_word' id='word_1_192' title='bbox 1983 2553 2071 2632; x_wconf 80' lang='grc' dir='ltr'><strong><em>οὐ</em></strong></span> <span class='ocrx_word' id='word_1_193' title='bbox 2102 2551 2409 2633; x_wconf 85' lang='grc' dir='ltr'><strong><em>δύναται</em></strong></span> <span class='ocrx_word' id='word_1_194' title='bbox 2437 2551 2694 2630; x_wconf 72' lang='grc' dir='ltr'><strong><em>ἀκούε-</em></strong></span> 
     </span>
     <span class='ocr_line' id='line_1_22' title="bbox 473 2654 2691 2758; baseline -0.001 -24"><span class='ocrx_word' id='word_1_195' title='bbox 473 2670 692 2734; x_wconf 90' lang='grc' dir='ltr'><strong><em>σθαι·</em></strong></span> <span class='ocrx_word' id='word_1_196' title='bbox 748 2654 1061 2734; x_wconf 83' lang='grc' dir='ltr'><strong><em>δυνατον</em></strong></span> <span class='ocrx_word' id='word_1_197' title='bbox 1101 2655 1240 2758; x_wconf 81' lang='grc' dir='ltr'><strong><em>γοῖρ</em></strong></span> <span class='ocrx_word' id='word_1_198' title='bbox 1288 2656 1508 2735; x_wconf 73' lang='grc' dir='ltr'><strong><em>πάλιν</em></strong></span> <span class='ocrx_word' id='word_1_199' title='bbox 1552 2659 1780 2741; x_wconf 81' lang='grc' dir='ltr'><strong><em>οὕτως</em></strong></span> <span class='ocrx_word' id='word_1_200' title='bbox 1818 2654 2146 2749; x_wconf 73' lang='grc' dir='ltr'><strong><em>ἀκούειν,</em></strong></span> <span class='ocrx_word' id='word_1_201' title='bbox 2200 2663 2276 2734; x_wconf 88' lang='grc' dir='ltr'><strong><em>εἱ</em></strong></span> <span class='ocrx_word' id='word_1_202' title='bbox 2291 2688 2322 2741; x_wconf 83' lang='grc' dir='ltr'><strong><em>ς</em></strong></span> <span class='ocrx_word' id='word_1_203' title='bbox 2371 2688 2417 2733; x_wconf 90' lang='grc' dir='ltr'><strong><em>τ</em></strong></span> <span class='ocrx_word' id='word_1_204' title='bbox 2436 2687 2475 2734; x_wconf 91' lang='grc' dir='ltr'><strong><em>ο</em></strong></span> <span class='ocrx_word' id='word_1_205' title='bbox 2532 2687 2586 2755; x_wconf 94' lang='grc' dir='ltr'><strong><em>φ</em></strong></span> <span class='ocrx_word' id='word_1_206' title='bbox 2607 2689 2634 2732; x_wconf 91' lang='grc' dir='ltr'><strong><em>ι</em></strong></span> <span class='ocrx_word' id='word_1_207' title='bbox 2655 2698 2691 2711; x_wconf 90' lang='lat'><strong><em>·-</em></strong></span> 
     </span>
     <span class='ocr_line' id='line_1_23' title="bbox 470 2757 2692 2887; baseline -0.002 -49"><span class='ocrx_word' id='word_1_208' title='bbox 470 2762 977 2860; x_wconf 79' lang='grc' dir='ltr'><strong><em>λολογῆσαί</em></strong></span> <span class='ocrx_word' id='word_1_209' title='bbox 1038 2791 1146 2857; x_wconf 89' lang='grc' dir='ltr'><strong><em>με</em></strong></span> <span class='ocrx_word' id='word_1_210' title='bbox 1190 2758 1808 2887; x_wconf 76' lang='grc' dir='ltr'><strong><em>παρεγενήθη</em></strong></span> <span class='ocrx_word' id='word_1_211' title='bbox 1885 2757 2293 2861; x_wconf 83' lang='grc' dir='ltr'><strong><em>Τρύφων.</em></strong></span> <span class='ocrx_word' id='word_1_212' title='bbox 2377 2761 2489 2836; x_wconf 78' lang='grc' dir='ltr'><strong><em>ἐπὶ</em></strong></span> <span class='ocrx_word' id='word_1_213' title='bbox 2538 2769 2692 2843; x_wconf 78' lang='grc' dir='ltr'><strong><em>τοῖς</em></strong></span> 
     </span>
     <span class='ocr_line' id='line_1_24' title="bbox 472 2861 2689 2995; baseline -0.002 -53"><span class='ocrx_word' id='word_1_214' title='bbox 472 2862 604 2942; x_wconf 80' lang='grc' dir='ltr'><strong><em>οὖν</em></strong></span> <span class='ocrx_word' id='word_1_215' title='bbox 635 2870 1004 2959; x_wconf 77' lang='grc' dir='ltr'><strong><em>ἐσομένοις</em></strong></span> <span class='ocrx_word' id='word_1_216' title='bbox 1044 2895 1089 2963; x_wconf 88' lang='grc' dir='ltr'><strong><em>η</em></strong></span> <span class='ocrx_word' id='word_1_217' title='bbox 1122 2861 1451 2990; x_wconf 77' lang='grc' dir='ltr'><strong><em>σύνταξις</em></strong></span> <span class='ocrx_word' id='word_1_218' title='bbox 1476 2868 1615 2940; x_wconf 83' lang='grc' dir='ltr'><strong><em>τοῦ</em></strong></span> <span class='ocrx_word' id='word_1_219' title='bbox 1645 2865 2142 2995; x_wconf 37' lang='lat' dir='ltr'><strong><em>astronomo&amp;</em></strong></span> <span class='ocrx_word' id='word_1_220' title='bbox 2170 2862 2296 2938; x_wconf 79' lang='grc' dir='ltr'><strong><em>οὐκ</em></strong></span> <span class='ocrx_word' id='word_1_221' title='bbox 2334 2893 2426 2938; x_wconf 88' lang='grc' dir='ltr'><strong><em>αν</em></strong></span> <span class='ocrx_word' id='word_1_222' title='bbox 2453 2866 2689 2957; x_wconf 82' lang='grc' dir='ltr'><strong><em>γένοι-</em></strong></span> 
     </span>
     <span class='ocr_line' id='line_1_25' title="bbox 470 2962 2688 3075; baseline -0.002 -32"><span class='ocrx_word' id='word_1_223' title='bbox 470 2989 595 3043; x_wconf 89' lang='grc' dir='ltr'><strong><em>το·</em></strong></span> <span class='ocrx_word' id='word_1_224' title='bbox 653 2970 771 3042; x_wconf 82' lang='grc' dir='ltr'><strong><em>ἐπὶ</em></strong></span> <span class='ocrx_word' id='word_1_225' title='bbox 823 2962 963 3075; x_wconf 80' lang='grc' dir='ltr'><strong><em>γοῖρ</em></strong></span> <span class='ocrx_word' id='word_1_226' title='bbox 1004 2964 1379 3063; x_wconf 77' lang='grc' dir='ltr'><strong><em>γεγονόσιν</em></strong></span> <span class='ocrx_word' id='word_1_227' title='bbox 1414 2976 1493 3045; x_wconf 83' lang='grc' dir='ltr'><strong><em>αἱ</em></strong></span> <span class='ocrx_word' id='word_1_228' title='bbox 1542 2967 1773 3043; x_wconf 81' lang='grc' dir='ltr'><strong><em>αἰτίαι</em></strong></span> <span class='ocrx_word' id='word_1_229' title='bbox 1810 2970 2288 3061; x_wconf 81' lang='grc' dir='ltr'><strong><em>ἐπιλέγονται.</em></strong></span> <span class='ocrx_word' id='word_1_230' title='bbox 2344 2964 2525 3042; x_wconf 85' lang='grc' dir='ltr'><strong><em>ὅθεν</em></strong></span> <span class='ocrx_word' id='word_1_231' title='bbox 2563 2995 2688 3041; x_wconf 84' lang='grc' dir='ltr'><strong><em>κα-</em></strong></span> 
     </span>
    </p>

    <p class='ocr_par' dir='ltr' id='par_1_5' title="bbox 468 3065 2698 3273">
     <span class='ocr_line' id='line_1_26' title="bbox 468 3065 2689 3194; baseline -0.002 -48"><span class='ocrx_word' id='word_1_232' title='bbox 468 3066 988 3172; x_wconf 83' lang='grc' dir='ltr'><strong><em>ταλληλότερος</em></strong></span> <span class='ocrx_word' id='word_1_233' title='bbox 1026 3072 1311 3166; x_wconf 81' lang='grc' dir='ltr'><strong><em>γίνεται</em></strong></span> <span class='ocrx_word' id='word_1_234' title='bbox 1356 3070 1399 3146; x_wconf 85' lang='lat' dir='ltr'><strong><em>o‘</em></strong></span> <span class='ocrx_word' id='word_1_235' title='bbox 1441 3065 1925 3169; x_wconf 84' lang='grc' dir='ltr'><strong><em>αι’τιολογικος</em></strong></span> <span class='ocrx_word' id='word_1_236' title='bbox 1957 3071 2499 3194; x_wconf 78' lang='grc' dir='ltr'><strong><em>ἐπιφερομένων</em></strong></span> <span class='ocrx_word' id='word_1_237' title='bbox 2539 3099 2689 3144; x_wconf 89' lang='grc' dir='ltr'><strong><em>των</em></strong></span> 
     </span>
     <span class='ocr_line' id='line_1_27' title="bbox 468 3167 2698 3301; baseline -0 -54"><span class='ocrx_word' id='word_1_238' title='bbox 468 3177 1042 3300; x_wconf 76' lang='grc' dir='ltr'><strong><em>παρῳχημένων,</em></strong></span> <span class='ocrx_word' id='word_1_239' title='bbox 1131 3183 1282 3249; x_wconf 82' lang='grc' dir='ltr'><strong><em>ἵνα</em></strong></span> <span class='ocrx_word' id='word_1_240' title='bbox 1346 3173 1691 3272; x_wconf 82' lang='grc' dir='ltr'><strong><em>υβρίσω</em></strong></span> <span class='ocrx_word' id='word_1_241' title='bbox 1764 3175 1889 3249; x_wconf 85' lang='grc' dir='ltr'><strong><em>Θ’</em></strong></span> <span class='ocrx_word' id='word_1_242' title='bbox 1849 3201 2116 3264; x_wconf 84' lang='grc' dir='ltr'><strong><em>εωνα,</em></strong></span> <span class='ocrx_word' id='word_1_243' title='bbox 2206 3171 2292 3248; x_wconf 81' lang='grc' dir='ltr'><strong><em>οὐ</em></strong></span> <span class='ocrx_word' id='word_1_244' title='bbox 2358 3167 2698 3301; x_wconf 85' lang='grc' dir='ltr'><strong><em>φήσομεν</em></strong></span> 
     </span>
    </p>
   </div>
   <div class='ocr_carea' id='block_1_5' title="bbox 352 3269 2687 3403">
    <p class='ocr_par' dir='ltr' id='par_1_6' title="bbox 352 3269 2687 3403">
     <span class='ocr_line' id='line_1_28' title="bbox 352 3269 2687 3403; baseline -0 -52"><span class='ocrx_word' id='word_1_245' title='bbox 352 3269 357 3273; x_wconf 53' lang='grc'><strong>’</strong></span> <span class='ocrx_word' id='word_1_246' title='bbox 468 3271 1102 3385; x_wconf 75' lang='grc' dir='ltr'><strong><em>ἀγανακτήσει</em></strong></span> <span class='ocrx_word' id='word_1_247' title='bbox 1142 3280 1426 3360; x_wconf 70' lang='grc' dir='ltr'><strong><em>Δίων,</em></strong></span> <span class='ocrx_word' id='word_1_248' title='bbox 1479 3271 2074 3403; x_wconf 76' lang='grc' dir='ltr'><strong><em>ἠγανάκτησε</em></strong></span> <span class='ocrx_word' id='word_1_249' title='bbox 2118 3276 2213 3351; x_wconf 74' lang='grc' dir='ltr'><strong><em>δέ</em></strong></span> <span class='ocrx_word' id='word_1_250' title='bbox 2270 3275 2389 3351; x_wconf 82' lang='grc' dir='ltr'><strong><em>ἐπί</em></strong></span> <span class='ocrx_word' id='word_1_251' title='bbox 2416 3305 2495 3371; x_wconf 89' lang='grc' dir='ltr'><strong><em>γε</em></strong></span> <span class='ocrx_word' id='word_1_252' title='bbox 2537 3271 2687 3372; x_wconf 82' lang='grc' dir='ltr'><strong><em>μήν</em></strong></span> 
     </span>
    </p>
   </div>
   <div class='ocr_carea' id='block_1_6' title="bbox 465 3372 2686 3604">
    <p class='ocr_par' dir='ltr' id='par_1_7' title="bbox 465 3372 2683 3581">
     <span class='ocr_line' id='line_1_29' title="bbox 466 3372 2683 3495; baseline -0.001 -41"><span class='ocrx_word' id='word_1_253' title='bbox 466 3381 607 3454; x_wconf 80' lang='grc' dir='ltr'><strong><em>τοῦ</em></strong></span> <span class='ocrx_word' id='word_1_254' title='bbox 635 3372 1201 3455; x_wconf 81' lang='grc' dir='ltr'><strong><em>ἆποτελεστικοῦ</em></strong></span> <span class='ocrx_word' id='word_1_255' title='bbox 1239 3382 1478 3456; x_wconf 78' lang='grc' dir='ltr'><strong><em>ἔνεστι</em></strong></span> <span class='ocrx_word' id='word_1_256' title='bbox 1520 3407 1746 3476; x_wconf 88' lang='grc' dir='ltr'><strong><em>φαναι</em></strong></span> <span class='ocrx_word' id='word_1_257' title='bbox 1768 3428 1791 3469; x_wconf 89' lang='grc'><strong><em>,</em></strong></span> <span class='ocrx_word' id='word_1_258' title='bbox 1846 3387 1883 3452; x_wconf 86' lang='grc' dir='ltr'><strong><em>ἴ</em></strong></span> <span class='ocrx_word' id='word_1_259' title='bbox 1892 3409 1934 3455; x_wconf 92' lang='grc' dir='ltr'><strong><em>ν</em></strong></span> <span class='ocrx_word' id='word_1_260' title='bbox 1950 3410 1998 3452; x_wconf 90' lang='grc' dir='ltr'><strong><em>α</em></strong></span> <span class='ocrx_word' id='word_1_261' title='bbox 2051 3408 2096 3455; x_wconf 91' lang='grc' dir='ltr'><strong><em>υ</em></strong></span> <span class='ocrx_word' id='word_1_262' title='bbox 2079 3378 2165 3473; x_wconf 66' lang='grc' dir='ltr'><strong><em>’β</em></strong></span> <span class='ocrx_word' id='word_1_263' title='bbox 2179 3406 2241 3495; x_wconf 92' lang='grc' dir='ltr'><strong><em>ρ</em></strong></span> <span class='ocrx_word' id='word_1_264' title='bbox 2241 3378 2271 3451; x_wconf 86' lang='grc' dir='ltr'><strong><em>ι’</em></strong></span> <span class='ocrx_word' id='word_1_265' title='bbox 2288 3406 2331 3453; x_wconf 94' lang='grc' dir='ltr'><strong><em>σ</em></strong></span> <span class='ocrx_word' id='word_1_266' title='bbox 2347 3405 2401 3452; x_wconf 86' lang='grc' dir='ltr'><strong><em>ω</em></strong></span> <span class='ocrx_word' id='word_1_267' title='bbox 2458 3381 2581 3454; x_wconf 93' lang='grc' dir='ltr'><strong><em>Θ’</em></strong></span> <span class='ocrx_word' id='word_1_268' title='bbox 2540 3408 2572 3452; x_wconf 85' lang='grc' dir='ltr'><strong><em>ε</em></strong></span> <span class='ocrx_word' id='word_1_269' title='bbox 2589 3407 2683 3451; x_wconf 87' lang='grc' dir='ltr'><strong><em>ω·</em></strong></span> 
     </span>
     <span class='ocr_line' id='line_1_30' title="bbox 465 3474 2686 3604; baseline -0.002 -48"><span class='ocrx_word' id='word_1_270' title='bbox 465 3512 573 3556; x_wconf 91' lang='grc' dir='ltr'><strong><em>να</em></strong></span> <span class='ocrx_word' id='word_1_271' title='bbox 621 3511 741 3556; x_wconf 92' lang='grc' dir='ltr'><strong><em>πα</em></strong></span> <span class='ocrx_word' id='word_1_272' title='bbox 762 3509 805 3581; x_wconf 91' lang='grc' dir='ltr'><strong><em>ρ</em></strong></span> <span class='ocrx_word' id='word_1_273' title='bbox 828 3485 1086 3558; x_wconf 89' lang='grc' dir='ltr'><strong><em>ε’σται</em></strong></span> <span class='ocrx_word' id='word_1_274' title='bbox 1143 3480 1327 3579; x_wconf 86' lang='grc' dir='ltr'><strong><em>Τρ’</em></strong></span> <span class='ocrx_word' id='word_1_275' title='bbox 1282 3512 1325 3558; x_wconf 91' lang='grc' dir='ltr'><strong><em>υ</em></strong></span> <span class='ocrx_word' id='word_1_276' title='bbox 1349 3512 1553 3604; x_wconf 36' lang='grc' dir='ltr'><strong><em>φοων.</em></strong></span> <span class='ocrx_word' id='word_1_277' title='bbox 1607 3482 1874 3552; x_wconf 80' lang='lat' dir='ltr'><strong>Eadem</strong></span> <span class='ocrx_word' id='word_1_278' title='bbox 1902 3485 2045 3552; x_wconf 88' lang='lat' dir='ltr'><strong>aliis</strong></span> <span class='ocrx_word' id='word_1_279' title='bbox 2073 3474 2297 3553; x_wconf 83' lang='lat' dir='ltr'><strong>verb&#39;is</strong></span> <span class='ocrx_word' id='word_1_280' title='bbox 2329 3482 2686 3575; x_wconf 81' lang='lat' dir='ltr'><strong>repetitin</strong></span> 
     </span>
    </p>
   </div>
   <div class='ocr_carea' id='block_1_7' title="bbox 394 3583 2686 4235">
    <p class='ocr_par' dir='ltr' id='par_1_8' title="bbox 394 3583 2686 4194">
     <span class='ocr_line' id='line_1_31' title="bbox 394 3583 2686 3678; baseline -0 -24"><span class='ocrx_word' id='word_1_281' title='bbox 394 3587 399 3590; x_wconf 75' lang='grc'><strong><em>’</em></strong></span> <span class='ocrx_word' id='word_1_282' title='bbox 464 3587 642 3656; x_wconf 88' lang='lat' dir='ltr'><strong>libro</strong></span> <span class='ocrx_word' id='word_1_283' title='bbox 677 3587 766 3656; x_wconf 91' lang='lat' dir='ltr'><strong><em>de</em></strong></span> <span class='ocrx_word' id='word_1_284' title='bbox 798 3587 1418 3657; x_wconf 89' lang='lat' dir='ltr'><strong>coniunctionibus</strong></span> <span class='ocrx_word' id='word_1_285' title='bbox 1399 3610 1469 3655; x_wconf 90' lang='grc' dir='ltr'><strong><em>ιιι</em></strong></span> <span class='ocrx_word' id='word_1_286' title='bbox 1497 3587 1804 3656; x_wconf 87' lang='lat' dir='ltr'><strong>Bekkeri</strong></span> <span class='ocrx_word' id='word_1_287' title='bbox 1837 3587 2099 3660; x_wconf 91' lang='lat' dir='ltr'><strong>Anecd.</strong></span> <span class='ocrx_word' id='word_1_288' title='bbox 2123 3608 2198 3678; x_wconf 90' lang='grc' dir='ltr'><strong><em>Ρ.</em></strong></span> <span class='ocrx_word' id='word_1_289' title='bbox 2227 3583 2403 3659; x_wconf 86' lang='grc'><strong><em>510.</em></strong></span> <span class='ocrx_word' id='word_1_290' title='bbox 2423 3584 2595 3658; x_wconf 81' lang='grc'><strong><em>512.</em></strong></span> <span class='ocrx_word' id='word_1_291' title='bbox 2616 3595 2686 3653; x_wconf 90' lang='lat' dir='ltr'><strong><em>et</em></strong></span> 
     </span>
     <span class='ocr_line' id='line_1_32' title="bbox 464 3687 2678 3783; baseline 0 -25"><span class='ocrx_word' id='word_1_292' title='bbox 464 3691 684 3759; x_wconf 87' lang='lat' dir='ltr'><strong>obiter</strong></span> <span class='ocrx_word' id='word_1_293' title='bbox 721 3715 798 3782; x_wconf 86' lang='lat' dir='ltr'><strong><em>p.</em></strong></span> <span class='ocrx_word' id='word_1_294' title='bbox 834 3687 1010 3779; x_wconf 87' lang='grc'><strong><em>565,</em></strong></span> <span class='ocrx_word' id='word_1_295' title='bbox 1047 3691 1117 3767; x_wconf 83' lang='lat'><strong><em>1,</em></strong></span> <span class='ocrx_word' id='word_1_296' title='bbox 1158 3700 1303 3759; x_wconf 90' lang='lat' dir='ltr'><strong><em>tum</em></strong></span> <span class='ocrx_word' id='word_1_297' title='bbox 1333 3690 1722 3760; x_wconf 86' lang='lat' dir='ltr'><strong>scholiastes</strong></span> <span class='ocrx_word' id='word_1_298' title='bbox 1747 3690 2051 3783; x_wconf 80' lang='lat' dir='ltr'><strong>Dionysii</strong></span> <span class='ocrx_word' id='word_1_299' title='bbox 2078 3690 2367 3757; x_wconf 87' lang='lat' dir='ltr'><strong>Thracis</strong></span> <span class='ocrx_word' id='word_1_300' title='bbox 2391 3712 2463 3780; x_wconf 91' lang='lat' dir='ltr'><strong><em>p.</em></strong></span> <span class='ocrx_word' id='word_1_301' title='bbox 2506 3687 2678 3758; x_wconf 82' lang='lat'><strong>884.</strong></span> 
     </span>
     <span class='ocr_line' id='line_1_33' title="bbox 465 3787 2681 3887; baseline -0.001 -24"><span class='ocrx_word' id='word_1_302' title='bbox 465 3803 535 3863; x_wconf 87' lang='lat' dir='ltr'><strong><em>et</em></strong></span> <span class='ocrx_word' id='word_1_303' title='bbox 563 3793 994 3865; x_wconf 90' lang='lat' dir='ltr'><strong>Theodosius</strong></span> <span class='ocrx_word' id='word_1_304' title='bbox 1029 3819 1099 3887; x_wconf 90' lang='lat' dir='ltr'><strong><em>p.</em></strong></span> <span class='ocrx_word' id='word_1_305' title='bbox 1137 3787 1359 3882; x_wconf 79' lang='lat'>1⁰35,</span> <span class='ocrx_word' id='word_1_306' title='bbox 1408 3793 1478 3867; x_wconf 87' lang='lat'><strong><em>1.</em></strong></span> <span class='ocrx_word' id='word_1_307' title='bbox 1510 3795 1772 3865; x_wconf 87' lang='lat' dir='ltr'><strong>-Nullus</strong></span> <span class='ocrx_word' id='word_1_308' title='bbox 1821 3794 1915 3862; x_wconf 90' lang='lat' dir='ltr'><strong>ita</strong></span> <span class='ocrx_word' id='word_1_309' title='bbox 1953 3796 2265 3883; x_wconf 88' lang='lat' dir='ltr'><strong>loquutus</strong></span> <span class='ocrx_word' id='word_1_310' title='bbox 2299 3799 2400 3859; x_wconf 90' lang='lat' dir='ltr'><strong><em>est</em></strong></span> <span class='ocrx_word' id='word_1_311' title='bbox 2423 3790 2645 3883; x_wconf 89' lang='lat' dir='ltr'><strong>proba</strong></span> <span class='ocrx_word' id='word_1_312' title='bbox 2666 3831 2681 3843; x_wconf 83' lang='lat'><em>-</em></span> 
     </span>
     <span class='ocr_line' id='line_1_34' title="bbox 462 3893 2679 3990; baseline -0 -26"><span class='ocrx_word' id='word_1_313' title='bbox 462 3905 568 3965; x_wconf 85' lang='lat' dir='ltr'><strong><em>tus</em></strong></span> <span class='ocrx_word' id='word_1_314' title='bbox 601 3899 909 3989; x_wconf 88' lang='lat' dir='ltr'><strong>scriptor.</strong></span> <span class='ocrx_word' id='word_1_315' title='bbox 978 3898 1138 3966; x_wconf 87' lang='lat' dir='ltr'><strong>Fuit</strong></span> <span class='ocrx_word' id='word_1_316' title='bbox 1178 3899 1356 3966; x_wconf 89' lang='lat' dir='ltr'><strong>enim</strong></span> <span class='ocrx_word' id='word_1_317' title='bbox 1385 3897 1558 3965; x_wconf 86' lang='lat' dir='ltr'><strong>haec</strong></span> <span class='ocrx_word' id='word_1_318' title='bbox 1589 3897 1872 3965; x_wconf 87' lang='lat' dir='ltr'><strong>labantis</strong></span> <span class='ocrx_word' id='word_1_319' title='bbox 1900 3897 2173 3990; x_wconf 85' lang='lat' dir='ltr'><strong>linguae</strong></span> <span class='ocrx_word' id='word_1_320' title='bbox 2202 3893 2590 3985; x_wconf 90' lang='lat' dir='ltr'><strong>quaedam</strong></span> <span class='ocrx_word' id='word_1_321' title='bbox 2569 3918 2679 3963; x_wconf 89' lang='grc' dir='ltr'><strong><em>ιιι-</em></strong></span> 
     </span>
     <span class='ocr_line' id='line_1_35' title="bbox 465 3987 2677 4093; baseline 0 -26"><span class='ocrx_word' id='word_1_322' title='bbox 465 4002 681 4089; x_wconf 86' lang='lat' dir='ltr'><strong>curia,</strong></span> <span class='ocrx_word' id='word_1_323' title='bbox 733 4010 810 4070; x_wconf 87' lang='lat' dir='ltr'><strong><em>ut</em></strong></span> <span class='ocrx_word' id='word_1_324' title='bbox 852 4024 983 4093; x_wconf 91' lang='lat' dir='ltr'><strong><em>pro</em></strong></span> <span class='ocrx_word' id='word_1_325' title='bbox 1014 3987 1337 4070; x_wconf 84' lang='lat' dir='ltr'><strong>infinitivo</strong></span> <span class='ocrx_word' id='word_1_326' title='bbox 1377 4001 1502 4069; x_wconf 88' lang='lat' dir='ltr'><strong>ista</strong></span> <span class='ocrx_word' id='word_1_327' title='bbox 1534 4002 2023 4070; x_wconf 85' lang='lat' dir='ltr'><strong>constructione</strong></span> <span class='ocrx_word' id='word_1_328' title='bbox 2053 4007 2352 4068; x_wconf 87' lang='lat' dir='ltr'><strong>uteretur</strong></span> <span class='ocrx_word' id='word_1_329' title='bbox 2365 4049 2386 4084; x_wconf 88' lang='lat'>,</span> <span class='ocrx_word' id='word_1_330' title='bbox 2434 4008 2512 4066; x_wconf 90' lang='lat' dir='ltr'><strong><em>ut</em></strong></span> <span class='ocrx_word' id='word_1_331' title='bbox 2552 3999 2677 4068; x_wconf 89' lang='lat' dir='ltr'><strong>ali-</strong></span> 
     </span>
     <span class='ocr_line' id='line_1_36' title="bbox 430 4086 2674 4235; baseline 0.001 -63"><span class='ocrx_word' id='word_1_332' title='bbox 430 4106 724 4235; x_wconf 65' lang='lat' dir='ltr'><strong>quoties</strong></span> <span class='ocrx_word' id='word_1_333' title='bbox 763 4106 831 4173; x_wconf 90' lang='lat' dir='ltr'><strong><em>in</em></strong></span> <span class='ocrx_word' id='word_1_334' title='bbox 872 4106 959 4173; x_wconf 89' lang='lat' dir='ltr'><strong><em>N.</em></strong></span> <span class='ocrx_word' id='word_1_335' title='bbox 1004 4105 1093 4173; x_wconf 89' lang='lat' dir='ltr'><strong><em>T.</em></strong></span> <span class='ocrx_word' id='word_1_336' title='bbox 1126 4127 1185 4172; x_wconf 92' lang='lat' dir='ltr'><strong><em>e.</em></strong></span> <span class='ocrx_word' id='word_1_337' title='bbox 1229 4128 1286 4172; x_wconf 90' lang='lat' dir='ltr'><strong><em>c.</em></strong></span> <span class='ocrx_word' id='word_1_338' title='bbox 1331 4104 1503 4175; x_wconf 90' lang='lat' dir='ltr'><strong>Luc.</strong></span> <span class='ocrx_word' id='word_1_339' title='bbox 1551 4105 1604 4172; x_wconf 89' lang='lat'><strong><em>1.</em></strong></span> <span class='ocrx_word' id='word_1_340' title='bbox 1652 4100 1775 4171; x_wconf 75' lang='lat'><strong><em>43.</em></strong></span> <span class='ocrx_word' id='word_1_341' title='bbox 1821 4103 1940 4176; x_wconf 80' lang='grc' dir='ltr'><strong><em>καὶ</em></strong></span> <span class='ocrx_word' id='word_1_342' title='bbox 1975 4086 2210 4176; x_wconf 84' lang='grc' dir='ltr'><strong><em>πόθεν</em></strong></span> <span class='ocrx_word' id='word_1_343' title='bbox 2255 4124 2390 4194; x_wconf 88' lang='grc' dir='ltr'><strong><em>μοι</em></strong></span> <span class='ocrx_word' id='word_1_344' title='bbox 2423 4101 2674 4191; x_wconf 82' lang='grc' dir='ltr'><strong><em>τοῦτο,</em></strong></span> 
     </span>
    </p>
   </div>
   <div class='ocr_carea' id='block_1_8' title="bbox 460 4201 2672 4402">
    <p class='ocr_par' dir='ltr' id='par_1_9' title="bbox 460 4201 2672 4402">
     <span class='ocr_line' id='line_1_37' title="bbox 462 4201 2672 4305; baseline -0 -27"><span class='ocrx_word' id='word_1_345' title='bbox 462 4213 583 4280; x_wconf 83' lang='grc' dir='ltr'><strong><em>ἴνα</em></strong></span> <span class='ocrx_word' id='word_1_346' title='bbox 625 4209 805 4305; x_wconf 81' lang='grc' dir='ltr'><strong><em>ἔλθῃ</em></strong></span> <span class='ocrx_word' id='word_1_347' title='bbox 841 4204 887 4303; x_wconf 84' lang='grc' dir='ltr'><em>ἦ</em></span> <span class='ocrx_word' id='word_1_348' title='bbox 919 4201 1157 4305; x_wconf 85' lang='grc' dir='ltr'><strong><em>μήτηρ</em></strong></span> <span class='ocrx_word' id='word_1_349' title='bbox 1190 4206 1330 4280; x_wconf 81' lang='grc' dir='ltr'><strong><em>τοῦ</em></strong></span> <span class='ocrx_word' id='word_1_350' title='bbox 1371 4205 1627 4302; x_wconf 79' lang='grc' dir='ltr'><strong><em>κυρίου</em></strong></span> <span class='ocrx_word' id='word_1_351' title='bbox 1658 4232 1808 4299; x_wconf 91' lang='grc' dir='ltr'><strong><em>μου</em></strong></span> <span class='ocrx_word' id='word_1_352' title='bbox 1850 4232 2028 4303; x_wconf 84' lang='grc' dir='ltr'><strong><em>προς</em></strong></span> <span class='ocrx_word' id='word_1_353' title='bbox 2052 4204 2410 4299; x_wconf 62' lang='lat' dir='ltr'><strong>ps31nde</strong></span> <span class='ocrx_word' id='word_1_354' title='bbox 2443 4206 2672 4277; x_wconf 85' lang='grc' dir='ltr'><strong><em>αἱτιο·</em></strong></span> 
     </span>
     <span class='ocr_line' id='line_1_38' title="bbox 460 4291 2671 4402; baseline -0.003 -19"><span class='ocrx_word' id='word_1_355' title='bbox 460 4305 741 4402; x_wconf 81' lang='grc' dir='ltr'><strong><em>λογικος</em></strong></span> <span class='ocrx_word' id='word_1_356' title='bbox 782 4312 908 4379; x_wconf 83' lang='lat' dir='ltr'><strong>iste</strong></span> <span class='ocrx_word' id='word_1_357' title='bbox 937 4333 1094 4381; x_wconf 85' lang='lat' dir='ltr'><strong>usus</strong></span> <span class='ocrx_word' id='word_1_358' title='bbox 1124 4320 1319 4381; x_wconf 88' lang='lat' dir='ltr'><strong>natus</strong></span> <span class='ocrx_word' id='word_1_359' title='bbox 1333 4361 1354 4398; x_wconf 84' lang='lat'><strong>‚</strong></span> <span class='ocrx_word' id='word_1_360' title='bbox 1406 4312 1523 4400; x_wconf 91' lang='lat' dir='ltr'><strong><em>qui</em></strong></span> <span class='ocrx_word' id='word_1_361' title='bbox 1550 4332 1739 4378; x_wconf 87' lang='lat' dir='ltr'><strong>mera</strong></span> <span class='ocrx_word' id='word_1_362' title='bbox 1763 4310 2166 4402; x_wconf 80' lang='lat' dir='ltr'><strong>perversitas</strong></span> <span class='ocrx_word' id='word_1_363' title='bbox 2200 4319 2300 4377; x_wconf 85' lang='lat' dir='ltr'><strong><em>est</em></strong></span> <span class='ocrx_word' id='word_1_364' title='bbox 2316 4357 2337 4395; x_wconf 88' lang='grc'><strong>,</strong></span> <span class='ocrx_word' id='word_1_365' title='bbox 2390 4291 2671 4377; x_wconf 63' lang='lat' dir='ltr'><strong>factum-2</strong></span> 
     </span>
    </p>
   </div>
  </div>
 </body>
</html>
