3284 5159
612 434 746 498 142
1289 429 1405 492 DE
1470 428 2020 503 ,PARTICVLA
2064 424 2161 496 ἂν

616 631 688 693 et
711 619 852 696 od.
886 628 939 709 ζ.
973 618 1145 692 286.

821 774 942 848 καὶ
970 772 1042 851 δ’
1071 773 1247 873 ἄλλῃ
1277 772 1595 871 νεμεσοῖ,
1649 771 1808 872 ἥτις
1841 767 2160 848 τοιαῖτοί
2195 802 2278 869 γε
2309 776 2522 875 ῥέζοι.

615 930 882 1016 Quibus
913 929 983 997 in
1021 928 1187 999 locis
1225 930 1635 1027 Schaeferup
1678 930 1747 997 in
1785 927 2022 997 Melet.
2060 927 2201 1015 crit.
2238 952 2312 1020 p.
2351 929 2522 1000 122.
2554 931 2838 1001 coniun-

616 1022 864 1103 cfiwm
892 1033 1132 1127 reponi
1166 1036 1460 1104 volebat.
1532 1035 1627 1103 At
1653 1041 1840 1101 recte
1872 1032 2127 1099 dictum
2155 1034 2344 1126 ῥέζοι
2346 1087 2374 1121 ,
2426 1043 2500 1103 ut
2528 1035 2598 1102 in
2629 1035 2835 1124 facto,

617 1137 802 1228 quod
831 1137 977 1227 quis
1009 1147 1229 1206 sumat
1250 1139 1417 1226 fieri,
1468 1159 1601 1230 pro
1646 1136 1858 1233 ῥέζει,
1911 1134 2101 1225 quod
2133 1144 2310 1204 esset
2334 1136 2424 1204 de
2456 1160 2619 1206 vere
2651 1128 2837 1208 facto

616 1240 889 1309 dictum.
990 1234 1198 1337 “Ρέζῃ
1231 1241 1411 1311 enim
1442 1240 1531 1309 ad
1553 1240 1851 1309 futurum
1890 1239 2286 1326 referretur,
2337 1239 2404 1309 si
2436 1241 2596 1333 quis
2616 1242 2837 1336 sece-

614 1344 739 1413 νὴ.
843 1342 1055 1428 Quod
1088 1346 1211 1413 etsi
1237 1345 1375 1414 istis
1406 1345 1475 1413 in
1503 1343 1668 1413 locis
1695 1343 1921 1435 potuit
1949 1342 2111 1428 dici,
2165 1365 2301 1411 non
2325 1343 2582 1434 placuit
2608 1354 2838 1416 tamen

614 1455 864 1540 poetae
884 1494 905 1531 ,
958 1469 1111 1515 eam
1143 1449 1234 1516 ob
1289 1469 1634 1532 caussam,
1688 1446 1876 1538 quod
1915 1468 2054 1515 non
2103 1445 2192 1514 de
2240 1447 2398 1517 solis
2441 1447 2683 1519 futuris
2724 1451 2837 1520 lo-

620 1551 973 1641 quebatur.
1077 1550 1195 1620 Sic
1223 1551 1423 1621 etiam
1448 1549 1838 1643 Sophocles
1861 1550 2025 1622 Ant.
2055 1546 2234 1623 666.

728 1736 733 1745 1
824 1696 991 1778 ἀλλ’
1023 1700 1110 1777 ὃν
1137 1698 1342 1787 πόλις
1371 1697 1704 1802 στήσειε,
1757 1701 1898 1776 τοῦ
1933 1701 2010 1776 δέ
2034 1697 2174 1801 χρῆ
2202 1701 2462 1779 κλύειν.

613 1857 698 1930 ld
726 1860 812 1928 de
839 1867 1027 1928 certo
1050 1859 1326 1945 dictum,
1371 1861 1626 1957 ἔστησε
1658 1858 2064 1950 requireret,
2045 1882 2064 1901 ·
2118 1857 2206 1926 de
2233 1881 2318 1927 eo
2346 1869 2591 1947 autem,
2629 1884 2837 1951 quem

616 1965 873 2056 cogites
904 1963 1075 2054 reip.
1103 1964 1529 2055 praefectum
1576 1985 1724 2030 esse
1740 2012 1762 2048 ,
1812 1962 2187 2054 optativum
2230 1962 2462 2038 habet.
2567 1965 2834 2034 Andoc.

613 2091 690 2161 Ρ.
720 2062 845 2139 85.
886 2064 1094 2156 (154.
1126 2062 1198 2161 §.
1229 2067 1351 2136 19.
1388 2064 1654 2156 Bekk.)
1707 2060 1881 2157 υμῖν
1910 2065 1988 2138 δέ
2018 2091 2148 2139 ουκ
2159 2062 2354 2188 ‘sion’
2382 2071 2662 2190 ἕτεροι,
2716 2062 2837 2163 ὑφ’

616 2168 716 2243 ὦν
739 2167 987 2242 αι’τίαν
1018 2146 1276 2259 ἔχοιῖε.
1337 2193 1410 2261 Ρ.
1443 2167 1570 2242 90.
1624 2164 1833 2258 (158.
1866 2162 1937 2261 §.
1987 2165 2092 2259 1.)
2147 2164 2268 2240 ὅτι
2300 2169 2378 2242 δέ
2422 2175 2493 2242 οἱ
2535 2163 2837 2297 ρ’ἦτορες

615 2273 723 2367 τῷ
757 2272 895 2364 μέν
946 2265 1264 2364 ὀνόματι
1299 2272 1425 2369 τῆς
1458 2263 1737 2369 εἰρήνης
1764 2269 2212 2392 συγχωροῦσι
2228 2323 2257 2360 ,
2310 2277 2484 2396 τοῖς.
2492 2269 2566 2345 δ’
2591 2274 2837 2368 ἔργοις

616 2371 724 2499 οἷφ
819 2370 917 2447 ὦν
970 2371 1018 2471 ἦ
1072 2368 1315 2498 εἰρήνη
1346 2375 1666 2467 γένοιτο
1723 2373 2278 2462 ἐναντιοῦνται,
2342 2375 2572 2448 τοῦτο
2621 2381 2700 2450 δέ
2748 2370 2837 2450 οὗ

615 2470 882 2556 πάντες
926 2471 1401 2551 αἰσθάνεσθε.
1502 2475 1858 2549 Demosth.
1911 2499 1985 2567 p.
2034 2473 2261 2561 1214,
2301 2476 2373 2549 4.
2409 2482 2481 2560 ἐξ
2521 2506 2621 2551 ων
2666 2478 2839 2552 τίνα

616 2607 748 2654 ουκ
786 2582 1071 2667 οἴεσθε,
1123 2608 1177 2652 ω
1214 2579 1467 2705 ἄνδρες
1496 2578 1875 2667 δικασταί,
1929 2584 2083 2660 τοῖς
2116 2605 2602 2704 στρατιωταις
2630 2578 2837 2656 ἀθυ-

612 2680 796 2776 μίαν
828 2686 1203 2774 ἐμπεσεῖν,·
1244 2677 1479 2780 πόσην
1520 2684 1605 2758 δέ
1624 2710 1759 2775 μοι
1784 2709 1978 2775 μετα
2010 2682 2250 2755 ταῦτα
2279 2676 2676 2779 ἀπόλειψιν
2705 2712 2836 2778 γε-

614 2787 882 2860 νέσθαι
921 2779 1187 2874 πάλιν,
1242 2787 1387 2860 τῶν
1436 2783 1759 2881 οἷρχαίων
1801 2811 2089 2859 ναυτων
2132 2789 2835 2882 ταλαιπωρουμένων

614 2888 753 2982 μὲν
796 2882 1077 2977 πολλοί,
1144 2884 1664 2983 ωφελουμένων
1717 2884 1820 2962 δέ
1837 2889 2161 2984 βραχέα,
2218 2885 2356 2962 ὅσα
2397 2884 2536 2983 ἐγω
2579 2889 2836 2964 δυναί-

612 3017 761 3086 μην
808 2984 1082 3064 ἐκοίστω
1144 2985 1639 3084 δανειζόμενος
1687 2992 2078 3087 ἐπαρκέσαι
2130 2985 2311 3085 πρός
2358 2989 2417 3087 ᾦ
2434 2986 2835 3114 πρότερον

615 3089 813 3183 εἶχον
839 3090 1020 3217 παρ’
1051 3096 1267 3186 ἐμοῦ,
1320 3095 1474 3168 ἐπεὶ
1504 3092 1549 3168 5
1574 3122 1655 3188 γε
1703 3121 2109 3192 στρατηγος
2144 3090 2312 3168 οὐδὲ
2359 3123 2449 3169 το
2489 3100 2580 3192 ἐφ
2594 3092 2835 3195 ’ἦμέ-

616 3221 755 3292 ραν
786 3191 1033 3277 αυτοῖς
1063 3223 1343 3295 τροφην
1382 3197 1642 3294 διαρκῆ
1668 3197 1951 3280 ἐδίδους

818 3349 930 3419 Ex
965 3349 1070 3419 his
1117 3351 1316 3420 facile
1359 3351 1640 3423 iudicari
1674 3359 1941 3443 potest,
1995 3351 2342 3442 quomodo
2382 3350 2477 3419 illi
2534 3352 2665 3421 sint
2701 3353 2835 3422 loci

613 3452 1031 3546 intelligendi
1051 3507 1072 3542 ,
1122 3456 1191 3523 in
1226 3457 1468 3546 quibus
1501 3456 1835 3548 optativus
1875 3477 2031 3523 cum
2067 3463 2423 3546 praesente
2451 3456 2562 3524 vel
2608 3457 2838 3525 futuro

614 3556 806 3624 verbi
833 3558 1132 3648 primarii
1157 3560 1546 3627 coniunctus
1574 3569 1695 3631 est.
1764 3558 2207 3650 Apertissima
2234 3557 2415 3627 enim
2441 3558 2638 3628 huius
2665 3584 2831 3629 con-

616 3660 989 3728 structionis
1017 3662 1187 3730 ratio
1228 3670 1364 3745 est,
1418 3660 1817 3752 simulatque
1860 3663 2234 3755 optativum
2278 3685 2435 3731 cum
2476 3662 2832 3733 indicativo

615 3763 1146 3837 commutaveris,
1233 3765 1327 3834 Vt
1352 3765 1541 3836 Iliad.
1572 3769 1634 3838 δ.
1668 3763 1841 3833 262.

1604 3910 1737 3990 σόν
1772 3917 1850 3990 δέ
1879 3919 2127 3991 πλεῖον
2161 3917 2375 3999 δέπας
2402 3917 2548 3991 αἰεὶ

820 4015 1115 4114 ἕστηχ’,
1171 4014 1395 4116 ὥςπερ
1431 4017 1644 4113 ἐμοί,
1697 4023 1967 4105 πιέειν,
2022 4018 2149 4094 ὅτε
2178 4013 2423 4114 θυμός
2456 4013 2747 4117 οἱνιόγοι.

612 4168 789 4243 343.

819 4318 1080 4420 προότω
1110 4351 1252 4422 γαρ
1275 4325 1396 4398 καὶ
1430 4320 1679 4409 δαιτος
1707 4324 2202 4416 ακουοίζεσθον
2237 4332 2439 4423 ἐμεῖο
2461 4378 2485 4418 ,

820 4422 1100 4502 ὁππότε
1141 4429 1358 4503 δαῖτα
1382 4430 1718 4527 γέρουσιν
1744 4432 2256 4529 ἐφοπλίζωμεν
2279 4429 2599 4525 Αχαιοί.
