3284 5159
631 449 758 513 1¹14
1339 442 1456 506 DE
1508 443 2041 506 PARTICVLA
2084 439 2180 509 ἄν

520 689 542 705 .
631 641 806 725 παῖ,
865 637 940 708 εἴ
975 662 1087 717 τις
1122 633 1213 709 ἂν
1258 628 1408 707 duo*
1454 631 1587 707 σοῦ
1614 627 1840 731 πόρος
1878 631 2362 732 προςγένοιτο.
2468 634 2587 705 Sic
2641 637 2848 731 etiam·

630 740 820 808 VIII.
847 737 918 825 3,
951 736 1071 806 26.
1087 747 1179 806 ‘et
1212 737 1371 807 alibi
1397 736 1805 829 saepissime.
2260 745 2266 753 '

832 909 947 978 Ad
975 908 1111 985 hoc
1136 931 1352 1003 genus
1393 869 1900 976 constructionis
1938 907 2277 1000 pertinent
2307 909 2509 977 etiam
2538 910 2838 1002 particu-
2914 910 2934 929 ⁸

522 1094 529 1099 ¹
631 1016 738 1083 lae
775 1010 866 1093 uic
896 1021 965 1081 et
1009 1009 1234 1101 ὅπως,
1289 1010 1651 1105 quomodo
1695 1008 2185 1102 significantes,
2238 1034 2414 1102 quae
2456 1013 2840 1104 saepissime

632 1140 786 1186 cum
830 1115 1132 1209 optativo
1183 1122 1252 1183 et
1304 1113 1396 1188 ἂν
1444 1113 1954 1206 coniunguntur.
2057 1114 2238 1182 Nam
2281 1116 2480 1185 etiam
2528 1116 2670 1184 sine
2713 1117 2840 1185 illis

630 1220 972 1314 particulis
1023 1218 1238 1289 oratio
1280 1217 1655 1310 optativum
1704 1224 1775 1285 et
1811 1213 1904 1289 ἄν
1947 1214 2262 1285 habitura
2302 1226 2499 1292 esset.
2603 1219 2842 1288 Xeno-

629 1322 841 1416 phon.
871 1319 1041 1391 Hist.
1073 1319 1196 1390 Gr.
1223 1319 1373 1394 vll.
1405 1320 1475 1407 1,
1507 1318 1630 1393 27.
1685 1322 1834 1392 ἐκεῖ
1861 1317 1937 1392 δέ
1972 1312 2339 1409 ἐλθόντες,
2391 1320 2502 1416 τῷ
2517 1320 2653 1414 μὲν
2686 1322 2842 1416 θεῷ

627 1422 843 1499 οὐδὲν
884 1416 1401 1511 ἐκοινώσαντο,
1455 1420 1644 1502 ὅπως
1702 1419 1795 1493 ἂν
1846 1448 1890 1517 η
1938 1415 2183 1520 εἰρήνη
2233 1424 2561 1517 γένοιτο,
2627 1419 2843 1498 αὐτοὶ

632 1527 709 1601 δέ
750 1519 1273 1620 ἐβουλεύοντο.
1341 1525 1518 1594 Vide
1563 1523 1682 1592 III.
1728 1521 1799 1610 2,
1838 1522 1907 1590 l.
1962 1522 2076 1592 IV.
2127 1524 2200 1610 1,
2244 1526 2367 1597 40.
2418 1525 2537 1599 VI.
2582 1525 2656 1613 4,
2710 1525 2833 1595 28.

626 1627 982 1701 Demosth.
1014 1653 1089 1722 p.
1123 1625 1297 1716 195,
1329 1625 1452 1702 27.
1507 1623 1684 1716 345,
1721 1624 1841 1693 11.
1897 1624 2071 1713 932,
2097 1626 2215 1697 22.
2257 1629 2517 1698 Platon.
2547 1628 2839 1700 Phaedr.

578 1783 588 1793 .
623 1755 700 1827 p.
748 1729 919 1804 231.
965 1731 1051 1800 A.
1157 1730 1623 1801 Conferendus
1669 1727 1760 1798 ad
1799 1751 1966 1817 ⁸eum
2018 1729 2366 1825 dialogum
2403 1732 2839 1803 Heindorfius

828 2003 1106 2075 Addam
1128 2003 1233 2072 his
1263 2003 1446 2072 aliud
1479 2025 1697 2096 genus
1729 2005 2009 2097 optativi
2041 2003 2109 2075 in
2147 2006 2471 2076 sententia
2500 2006 2838 2076 conditio-

626 2094 777 2177 nali'
796 2131 950 2177 cum
978 2100 1311 2198 particula
1341 2105 1433 2180 ἂν
1465 2107 1863 2196 consociati,
1918 2107 2103 2176 cuius
2144 2110 2314 2177 ratio
2357 2133 2566 2199 quum
2598 2111 2837 2180 lateret

625 2212 803 2279 viros
861 2210 1133 2297 doctoS,
1215 2210 1586 2301 tollendum
1638 2209 2017 2278 iudicarunt
2070 2209 2161 2284 ἄν
2173 2266 2202 2301 ,
2269 2221 2347 2279 ut
2394 2212 2835 2282 Thierschius

627 2314 817 2406 apud
858 2313 1224 2382 Pindarum
1265 2315 1462 2383 Nem.
1510 2312 1662 2380 vll.
1709 2311 1883 2386 131.
1937 2315 2006 2385 εἰ
2047 2310 2124 2386 δ’
2165 2308 2356 2388 atico*
2395 2314 2517 2387 καὶ
2541 2309 2715 2397 θεός
2744 2315 2837 2389 ἂν

628 2418 804 2506 ἔχοι.
907 2417 1143 2485 Potest
1190 2417 1286 2483 ita
1329 2414 1546 2507 accipi
1591 2416 1792 2483 etiam
1828 2415 1994 2483 illud
2031 2416 2497 2510 Xenophontis
2542 2420 2611 2488 in
2649 2419 2836 2488 initio

627 2519 960 2612 Agesilai,
1025 2517 1141 2586 ubi
1198 2517 1602 2588 Schaeferus
1650 2516 2136 2605 removendum
2185 2522 2504 2590 censebat
2548 2519 2673 2595 o'c'vt
2746 2515 2835 2594 οὖ

628 2617 768 2716 γοῖρ
801 2619 891 2694 ἂν
935 2619 1160 2701 καλῶς
1189 2622 1344 2710 ἔχοι
1365 2668 1392 2700 ,
1448 2623 1519 2692 εἰ
1544 2617 1667 2693 ὅτι
1697 2622 1946 2701 τελέως
1988 2616 2171 2720 οἷνήρ
2205 2617 2487 2717 ἁγαθοὶ
2523 2626 2832 2717 ἐγένετο,

628 2717 754 2797 Oto?
783 2722 1010 2796 τοῦτο
1060 2719 1226 2797 οὐδὲ
1268 2716 1583 2815 μειόνων
1623 2720 1715 2795 ἂν
1759 2716 2106 2816 τυγχάνοι
2137 2725 2469 2800 ἐπαίνων.
2576 2727 2836 2812 Quam-

624 2849 829 2916 quam
874 2825 1039 2894 nihil
1087 2826 1374 2919 impedit
1413 2826 1576 2915 quin
1617 2824 1733 2893 hic
1773 2825 1964 2895 locus
2008 2827 2204 2898 etiam
2253 2828 2348 2896 sic
2392 2828 2833 2922 intelligatur:

517 2934 521 2945 ”
621 2929 898 2997 malum
928 2938 1154 3015 esset,
1203 2929 1306 3016 si,
1360 2928 1558 3021 quod
1579 2926 2173 3021 perfectissimae
2193 2931 2486 3002 virtutis
2511 2932 2629 3001 vir
2648 2932 2833 3026 fuit,

622 3055 715 3101 ne
742 3031 1137 3102 tenuiorem
1168 3032 1460 3125 quidem
1474 3041 1735 3125 posset
1769 3032 2275 3104 laudationem
2303 3035 2654 3105 nancisci.

827 3202 1231 3272 Tenendum
1275 3211 1377 3272 est
1414 3212 1639 3271 autem
1656 3251 1679 3289 ‚
1733 3204 1921 3293 quod
1949 3205 2041 3273 ad
2079 3207 2590 3277 collocationem
2615 3208 2831 3302 parti-

624 3306 816 3395 culae
845 3304 937 3378 ἂν
965 3306 1035 3373 in
1060 3305 1246 3374 hisce
1273 3307 1606 3374 sententiis
1637 3307 2187 3378 conditionalibus
2212 3311 2441 3380 attinet
2456 3362 2476 3398 ,
2528 3311 2702 3381 nihil
2721 3313 2832 3380 in-
2899 3356 2906 3372 ι

619 3417 871 3476 teresse
886 3456 908 3493 ‚
958 3418 1183 3477 utrum
1228 3410 1447 3476 statim
1489 3417 1651 3500 post
1701 3412 2100 3501 particulam
2146 3415 2691 3503 conditionalem,
2742 3438 2831 3483 an

619 3512 1026 3602 interpositis
1074 3512 1328 3602 aliquot
1362 3512 1639 3580 vocibus
1655 3564 1675 3601 ,
1736 3536 1823 3581 an
1866 3513 2138 3583 demum
2170 3526 2333 3609 post
2371 3519 2655 3587 verbum
2693 3541 2829 3613 po-

623 3625 836 3681 natur.
939 3614 1430 3684 Demosthenes
1488 3638 1560 3707 p.
1611 3611 1784 3702 115,
1827 3615 1897 3685 9.
1951 3617 2057 3699 οἷς
2106 3617 2198 3692 ἄν
2248 3613 2385 3715 ἐγώ
2435 3622 2826 3718 ληφθείην,

509 3714 518 3731 ‘
569 3712 573 3716 ’
621 3715 861 3788 ταῦτα
889 3710 1261 3812 προῖττων.Ι
1313 3715 1477 3804 167,
1520 3716 1637 3785 17.
1692 3716 1880 3799 ὅπως
1925 3717 2016 3790 ἄν
2057 3747 2169 3800 τις
2212 3718 2595 3811 ὀνομάσαι.
2660 3722 2826 3810 168,

520 3886 553 3907 k
625 3816 744 3885 24.
772 3815 863 3896 uic
895 3816 985 3891 ἂν
1017 3818 1562 3915 συνταχθείητε.
1614 3821 2005 3913 Xenophon
2027 3822 2295 3891 Hellen.
2330 3825 2444 3895 VI.
2481 3826 2554 3911 1,
2598 3825 2668 3895 9.
2707 3823 2826 3900 οἷ-

620 3948 762 4013 μαι
797 3918 916 4008 ἄν,
971 3917 1210 3993 αὐτῶν
1234 3924 1298 3993 εἰ
1328 3922 1551 4002 καλῶς
1575 3949 1687 4002 τις
1707 3927 2147 4015 ἐπιμελοῖτο,
2203 3922 2330 3998 ουίι
2365 3924 2553 4001 εἶναι
2584 3930 2824 4016 ἔθνος,

606 4017 849 4114 *ὁποίῳ
883 4021 973 4095 ἄν
1019 4016 1419 4103 ἀξιώσαιεν.
1472 4025 1963 4095 Demosthenes
1996 4051 2070 4119 p.
2115 4026 2288 4115 286,
2320 4027 2441 4097 28.
2497 4030 2548 4103 οἳ
2577 4030 2668 4103 ἂν
2704 4027 2825 4104 εὖ·

619 4132 870 4210 Eat-vo,
922 4120 1342 4220 ποιήσομεν.
1394 4126 1570 4213 473,
1599 4126 1721 4195 26.
1773 4126 2024 4226 ’ἐπειδή
2056 4126 2125 4202 δ’
2151 4124 2563 4228 ἐπράξαμεν
2589 4127 2824 4207 πάνθ’

619 4221 742 4298 ὅσ’
770 4223 862 4297 ἂν
905 4222 1324 4315 εὐξαίμεθα.
1380 4228 1606 4316 1112,
1644 4230 1712 4298 2.
1766 4232 1861 4305 ἐῶ
1898 4271 1984 4283 -
2029 4228 2150 4306 ὅσ’
2181 4232 2273 4307 ἂν
2303 4235 2549 4328 ἕχοιμῖ
2580 4237 2823 4309 εἰπεῖν.

617 4325 794 4414 815,
831 4328 900 4396 7.
952 4325 1043 4408 ὥς
1072 4327 1163 4401 ἄν
1194 4326 1702 4423 συντομώτατ’
1744 4338 1936 4408 εἴποι
1973 4362 2099 4416 τις.
2151 4336 2375 4427 1401,
2419 4336 2540 4407 18.
2594 4333 2683 4412 ὅν
2715 4364 2824 4418 τις

615 4429 711 4501 ἂν
751 4424 1179 4513 κατάθοιτο.
1282 4433 1425 4503 Sed
1475 4435 1659 4505 idem
1696 4461 1767 4530 p.
1818 4437 1942 4526 73,
1984 4434 2055 4505 5.
2101 4432 2287 4537 ἅπερ
2329 4437 2663 4525 εὔξαισθ’
2713 4438 2822 4515 ἅν.
