3284 5159
1254 464 1422 531 LIB.
1469 466 1515 528 1.
1587 462 1785 526 cAP.
1827 468 1888 530 7.
2592 461 2676 532 21

453 655 813 853 saligo?
834 658 903 726 in
931 664 1240 752 tempore
1265 656 1452 751 apud
1477 656 1857 731 Homerum
1880 653 2018 728 od.
2044 660 2116 750 ῥ’.
2152 651 2322 724 1⁰4.
2366 653 2465 747 (τ.
2500 652 2673 724 149·

455 790 510 835 ω

556 916 744 990 ἔνθα
772 943 893 989 κεν
924 910 1200 1038 η’ματιή
1227 908 1440 1006 μὲν
1392 909 1821 1009 υφαίνεσκεν
1849 912 2141 1007 μέγαν
2110 907 2365 995 ιστόν,

555 1012 819 1098 νύκτας
846 1013 917 1092 δ’
946 1011 1348 1091 ἀλλύεσκεν.

454 1170 688 1238 Male
668 1193 738 1239 m
771 1170 874 1238 his
905 1170 1069 1238 locis
1097 1178 1440 1261 postrema
1464 1169 1698 1239 Wolfii
1725 1167 1932 1238 editio
1960 1164 2080 1239 καὶ
2114 1170 2415 1260 praebet.
2488 1167 2669 1239 Vide

455 1273 903 1342 Schaeferum
927 1273 993 1339 in
1008 1273 1294 1363 praefat.
1324 1274 1413 1341 ad
1427 1271 1665 1341 Iuliani
1682 1281 1846 1341 orat.
1869 1272 1937 1339 in
1954 1270 2301 1341 Constant.
2318 1296 2390 1365 p.
2421 1272 2670 1347 XVIII.

455 1376 545 1445 de
577 1377 713 1445 hoc
745 1400 872 1445 usu
906 1376 1272 1467 particulae
1302 1376 1395 1449 ἄν
1429 1376 1885 1443 disserentem.
1949 1376 2060 1444 De
2084 1398 2161 1443 re
2194 1377 2460 1467 saepius
2487 1375 2671 1443 facta

455 1501 832 1548 sermonem
863 1502 1010 1547 esse
1026 1532 1047 1568 ‚
1100 1480 1387 1546 verbum
1411 1479 1975 1567 frequentativum
1998 1477 2265 1547 indicat.
2370 1478 2514 1547 Sed
2541 1478 2669 1546 ad-

456 1582 672 1651 ditum
713 1582 832 1655 κὲν
877 1605 1014 1650 non
1057 1582 1356 1671 quotidie
1403 1581 1607 1650 telam
1645 1582 1933 1649 texuisse
1970 1581 2388 1673 Penelopam
2421 1582 2671 1673 signifi-

457 1695 598 1773 cat,
650 1685 773 1754 sed
814 1685 1214 1776 plerumque
1231 1732 1252 1769 ‚
1305 1693 1380 1752 ut
1409 1685 1587 1753 forte
1614 1684 1678 1753 ei
1704 1685 1977 1754 libebat.
2080 1684 2345 1753 Dubiae
2372 1683 2668 1753 auctori-

455 1790 603 1858 tatis
631 1789 768 1862 hoc
794 1797 899 1857 est
930 1787 1119 1857 lliad.
1155 1815 1218 1861 v.
1249 1785 1424 1856 ⁶632.

558 1957 746 2053 ἄλλῳ
781 1953 857 2032 δ’
891 1961 969 2033 ἑν
999 1951 1353 2054 στήθεσσι
1386 1962 1596 2031 τιθεῖ
1619 1950 1794 2031 νόον
1826 1948 2149 2052 ευρῦοπα
2185 1949 2364 2037 Ζειῗς

560 2055 866 2137 ἐσθλόν·
888 2061 1060 2135 τοῦ
1093 2062 1178 2136 δέ
1199 2089 1284 2134 τε
1319 2059 1573 2133 πολλοὶ
1602 2057 2084 2155 ἑπαυρίσκοντ
2100 2053 2561 2189 ’ἄνθρωπον

558 2164 684 2268 καί
708 2192 792 2238 τε
824 2165 1084 2245 πολέας
1114 2163 1419 2250 ἐσάωσε,
1469 2156 1796 2257 μάλιστα
1827 2160 1911 2236 δέ
1934 2188 1973 2233 κ
2035 2153 2260 2241 αὐτός
2289 2156 2584 2255 ανέγνω.

455 2336 664 2405 Vetus
690 2333 866 2403 haec
896 2343 964 2404 et
1003 2334 1257 2456 agnita
1266 2358 1308 2401 a
1337 2332 1792 2427 grammaticis
1830 2330 2161 2422 scriptura
2199 2339 2331 2418 est,
2383 2352 2672 2419 quorum

455 2440 758 2526 fuerunt,
846 2439 963 2528 qui
1026 2431 1290 2518 καύτός
1351 2459 1482 2529 pro
1553 2434 1675 2508 καὶ
1729 2429 1952 2514 αὑτός
2021 2433 2277 2502 dictum
2331 2442 2670 2524 putarent,

458 2544 568 2610 alii
598 2550 823 2612 autem
856 2569 934 2614 κε
976 2540 1320 2609 abundare
1349 2540 1694 2630 dixerunt·
1744 2536 2013 2626 utrique
2040 2538 2238 2612 male.
2321 2537 2467 2606 Sed
2503 2536 2675 2604 mori

453 2653 704 2737 poetae
728 2644 1223 2714 convenientius
1264 2652 1366 2715 est
1398 2643 1484 2717 δέ
1509 2668 1610 2716 τε
1715 2641 1782 2709 N
1785 2662 1875 2709 on
1917 2638 2253 2709 diversum
2288 2648 2432 2731 est,
2483 2638 2672 2731 quod

455 2749 707 2842 legitur
731 2745 868 2817 Od.
906 2772 968 2818 σ.
1009 2735 1183 2816 260.
1254 2808 1262 2817 .

560 2898 680 2973 καὶ
706 2893 846 2995 γοῖρ
889 2897 1143 2995 Τροΐας
1177 2897 1358 2993 φασὶ
1387 2925 1722 2997 μαχητας
1759 2897 2097 3023 ἔμμεναι
2103 2892 2414 2992 ανδρας,

558 3002 607 3099 ἢ
635 3002 773 3096 μὲν
806 2996 1277 3093 ἀκοντιστάς,
1331 3001 1378 3097 ἢ
1407 3002 1484 3075 δὲ
1519 3000 1835 3126 ῥυτῆρας
1872 2996 2179 3087 όὶστων,

561 3112 797 3177 ἵππων
827 3131 874 3176 τ
887 3098 1322 3177 ’ω’κυπόδων
1358 3098 1841 3199 ἐπιβήτορας,
1895 3109 1980 3175 οἵ
2008 3129 2088 3178 κο
2118 3093 2435 3193 τάχιστα

561 3207 853 3304 ἔκριναν
878 3207 1066 3300 μέγα
1101 3212 1329 3288 νεῖκος
1354 3203 1655 3299 ὁμοιΐου
1688 3206 2070 3300 πολέμοιο

457 3376 688 3445 Verba
731 3384 884 3444 sunt
916 3375 1172 3466 Vlyssis
1215 3374 1307 3444 ad
1339 3375 1620 3445 Troiam
1660 3373 2033 3467 profecturi
2047 3426 2069 3464 ‚
2136 3372 2253 3463 qui
2299 3371 2422 3441 etsi
2464 3369 2679 3439 fortes
2755 3437 2760 3444 ,

457 3479 807 3573 perhiberi
848 3478 1181 3548 Troianos
1226 3478 1354 3569 ait,
1405 3488 1633 3547 tamen
1668 3500 1806 3546 ιιοιι
1846 3477 2111 3546 videtur
2159 3476 2341 3544 bella
2393 3474 2676 3560 novisse,

459 3606 638 3673 quae
663 3583 750 3650 ab
781 3582 855 3649 iis
886 3580 1169 3649 feliciter
1193 3592 1390 3674 gesta
1427 3605 1573 3651 esse
1602 3581 1878 3667 diceret,
1930 3579 2051 3648 sed
2079 3578 2214 3649 hoc
2244 3586 2504 3646 tantum
2532 3576 2681 3644 vel-

377 3737 383 3743 ·
426 3685 562 3773 'le‚
613 3684 790 3752 viros
833 3683 1043 3752 fortes
1071 3684 1271 3754 facile
1299 3706 1505 3775 posse
1545 3685 1845 3774 quamvis
1873 3702 2196 3775 magnum
2228 3682 2486 3750 bellum
2511 3700 2684 3770 pro-

459 3789 718 3881 fligare.
822 3787 1060 3876 Itaque
1093 3786 1229 3855 hoc
1261 3810 1537 3879 quoque
1576 3788 1644 3855 in
1683 3788 1837 3855 loco
1877 3794 2153 3877 poetam
2184 3791 2371 3857 οἵτε
2414 3781 2683 3850 dedisse

461 3914 597 3959 non
636 3890 913 3958 dubium
948 3913 1093 3958 esse
1132 3900 1321 3982 puto.
1424 3890 1790 3984 Apertiora
1823 3886 1997 3958 haec
2033 3895 2185 3957 sunt
2219 3885 2582 3988 Sophoclis
2616 3884 2684 3953 in

461 3994 840 4063 Philocleta
860 4016 921 4062 v.
948 3989 1119 4062 289.

1399 4138 1580 4242 πρός
1613 4144 1692 4219 δὲ
1725 4138 1985 4223 τοῦθ’,
2042 4140 2087 4218 ὅ
2108 4170 2244 4235 μοι
2268 4135 2492 4238 βαλοι

672 4239 1159 4343 νευροσπαδῆς
1193 4244 1597 4344 ἄτρακτος,
1653 4239 1875 4326 αὐτός
1905 4273 1997 4321 αν
2032 4241 2255 4328 ταλας

679 4344 1014 4446 εἰλυόμην
1046 4346 1388 4448 δύστηνος
1417 4353 1706 4431 ἐξέλκων
1733 4341 1928 4422 πόδα

675 4447 853 4551 πρός
878 4453 1061 4528 τοῦτ
1125 4476 1253 4530 αν·
1319 4455 1392 4528 εἴ
1414 4482 1461 4529 τ
1473 4450 1673 4529 ’ἔδει
1704 4480 1781 4529 τι
1814 4451 1931 4526 καὶ
1965 4442 2196 4525 ποτόν
2226 4452 2476 4544 λαβεῒν
2492 4502 2521 4539 ,
