3284 5159
600 470 603 477 -
666 443 794 513 144
1052 436 1070 440 ··
1251 404 1289 511 ’,
1337 437 1457 498 DE
1524 400 2076 505 ΡΔιιΤιονιΔ
2116 433 2213 502 ἂν

668 629 869 700 sentis
892 628 1002 698 vel
1035 628 1240 697 futuri
1267 628 1589 722 temporis
1627 638 1750 718 est,
1802 629 2177 698 necessario
2201 646 2278 697 ‘se
2313 628 2407 697 ita
2439 627 2673 714 habet,
2728 627 2902 718 quia·

668 757 843 823 quae
881 755 965 800 ex
1006 755 1091 800 eo
1125 732 1460 823 pendent,
1512 755 1652 801 non
1690 743 1975 825 possunt
2018 756 2156 801 non
2197 732 2422 800 futura
2467 755 2634 800 esse.
2742 729 2885 799 Sed

664 837 830 905 illud
873 836 1154 903 verbnm
1188 837 1244 903 si
1289 845 1391 905 est
1429 838 1777 928 praeteriti
1821 838 2145 928 temporis
2168 889 2188 927 ‚
2255 844 2370 904 aut
2414 837 2613 904 instat
2660 833 2884 902 adhuc

666 940 950 1009 effectus
965 989 985 1025 ‚
1040 940 1202 1008 aut
1181 963 1317 1008 lam
1345 941 1709 1033 praeteriit.
1811 940 1888 1009 Si
1913 941 2153 1026 instat,
2206 939 2447 1008 eadem
2476 949 2578 1007 est
2605 939 2885 1007 coniun-

667 1045 823 1111 ctivi
851 1043 1232 1125 necessitaS‚
1281 1066 1458 1143 quae
1497 1043 1565 1111 in
1589 1066 1666 1111 re
1699 1053 2057 1134 praesente
2085 1053 2153 1111 et
2179 1043 2424 1111 futura.
2526 1042 2621 1111 Vt
2647 1043 2704 1109 si
2736 1042 2882 1133 quis

666 1148 925 1216 venisse
965 1169 1040 1214 se
1089 1146 1300 1230 dicat,
1351 1156 1426 1214 ut
1467 1169 1646 1214 nunc
1689 1148 1899 1215 verba
1940 1147 2180 1234 faciat,
2245 1145 2303 1214 is
2350 1146 2570 1230 dicet,
2621 1140 2883 1241 ἦλθον,

665 1258 787 1323 ἵνα
844 1249 1043 1342 λέγω.
1145 1249 1470 1317 Nondum
1513 1250 1692 1318 enim
1739 1250 1902 1319 fecit
1928 1297 1950 1334 ‚
2021 1251 2210 1341 quod
2253 1250 2328 1318 in
2372 1250 2597 1317 animo
2660 1247 2884 1316 habe-

663 1355 815 1439 bat,
865 1374 1076 1441 quum
1117 1353 1371 1422 veniret
1387 1400 1410 1438 ‚
1463 1352 1589 1422 sed
1630 1361 1734 1422 est
1773 1376 1951 1423 nunc
1994 1353 2271 1422 demum
2312 1353 2633 1421 facturus.
2739 1349 2884 1419 Sed

665 1457 721 1525 si
758 1465 827 1524 et
866 1456 1045 1524 venit
1060 1507 1081 1542 ,
1133 1464 1202 1524 et
1234 1479 1439 1546 quam
1474 1457 1748 1525 volebat
1801 1458 2173 1526 orationem
2220 1456 2458 1524 habuit
2471 1503 2493 1542 ,
2544 1456 2638 1523 ita
2681 1453 2883 1539 dicet,

664 1556 900 1654 ἦλθον
942 1565 1061 1633 ἵνα
1099 1560 1428 1651 λέγοιμι,
1495 1582 1631 1628 ιιοιι
1678 1583 1816 1650 quo
1860 1584 1934 1630 se
1974 1561 2111 1628 iam
2148 1560 2466 1628 habuisse
2511 1559 2885 1627 orationem

665 1662 1025 1756 significet,
1079 1661 1203 1729 sed
1242 1670 1317 1730 ut
1354 1663 1699 1731 consilium
1731 1672 2024 1751 tantum,
2078 1687 2217 1755 quo
2245 1670 2557 1749 venerat,
2608 1661 2883 1745 indicet,

662 1789 801 1835 non
837 1773 1062 1833 autem
1095 1787 1169 1833 se
1212 1788 1389 1833 nnnc
1433 1765 1709 1834 demum
1754 1775 2274 1858 exsequuturum
2320 1766 2487 1834 illud
2529 1763 2884 1833 consilium

662 1892 810 1939 esse
853 1870 1103 1937 innuat.
1166 1869 1514 1961 Exemplis
1546 1870 1613 1938 in
1658 1893 1735 1940 re
1774 1870 2111 1939 tritissima
2155 1893 2292 1938 non
2330 1892 2503 1961 opus
2542 1877 2665 1940 est.
2736 1864 2884 1935 Sed

659 1972 1453 2165 ιιιιιιιιιοιιειιιιιιῖοιιζιςίὲοιωιι
1468 2023 1490 2062 ,
1541 1973 1731 2064 quod
1770 1973 2088 2067 singulari
2126 1973 2337 2043 modo
2381 1972 2882 2041 conformatum

657 2085 759 2146 cst

867 2223 1053 2304 ᾰλλοῖ
1088 2222 1274 2323 μάλ’
1304 2228 1609 2356 ωφελλες
1642 2234 1791 2307 Διΐ
1807 2261 1853 2306 τ
1866 2229 2242 2306 ἄλλοισίν
2266 2258 2349 2304 τε
2381 2233 2673 2303 θεοῖσιν

867 2334 1067 2453 ῥέξας
1095 2328 1257 2428 sepo?
1282 2328 1451 2407 κάλ’
1480 2331 2012 2429 ἀναβαινέμεν,
2065 2334 2265 2432 ὄφρα
2300 2326 2622 2424 τάχιστα

871 2461 1003 2531 σην
1037 2440 1104 2516 ἐς
1132 2433 1432 2534 πατρίδ’
1461 2444 1671 2511 ἵκοιο.

659 2589 1033 2682 Exspectes
1076 2588 1226 2676 hic,
1273 2599 1351 2658 nt
1400 2592 1469 2659 in
1521 2593 1707 2660 irrito
1757 2593 2035 2661 consilio
2051 2641 2073 2680 ,
2142 2599 2290 2665 ἵκεο
2306 2644 2335 2681 ,
2401 2598 2483 2659 ut
2523 2586 2881 2659 venisses:

660 2716 796 2762 non
821 2693 998 2760 venit
1043 2693 1256 2760 enim:
1308 2694 1430 2761 sed
1475 2695 1638 2763 dixit
1686 2703 1912 2785 ἵκοιο,
1966 2719 2104 2764 non
2158 2702 2473 2786 spectans
2515 2691 2679 2780 quid
2714 2713 2881 2758 eve-

656 2797 851 2881 nerit,
902 2795 1025 2863 sed
1056 2818 1191 2884 quo
1222 2797 1495 2865 consilio
1518 2821 1624 2866 res
1664 2798 1972 2866 debuerit
1999 2800 2266 2891 suscipi.
2350 2796 2560 2883 Quod
2588 2795 2647 2862 si
2680 2801 2883 2914 ἵκῃαι

658 2899 950 2981 dixisset,
990 2898 1214 2965 adhuc
1239 2899 1608 2967 rediturum
1631 2900 2057 2993 significaret.
2124 2901 2399 2970 Eodem
2429 2898 2641 2967 modo
2677 2897 2883 2964 etiam

656 3024 976 3093 praesens
1012 3012 1080 3069 et
1107 3001 1404 3069 futurum
1431 3004 1623 3071 verbi
1652 3006 1949 3095 primarii
1985 3006 2284 3096 optativo
2319 3004 2711 3095 iunguntur,
2760 2999 2884 3066 ubi

659 3103 751 3171 de
789 3104 936 3171 solo
978 3104 1249 3171 consilio
1292 3128 1512 3174 sermo
1544 3116 1676 3174 est.
1730 3107 1915 3195 quod
1945 3131 2156 3196 quum
2186 3109 2300 3192 fit,
2355 3129 2437 3173 ea
2481 3104 2743 3172 ratione
2770 3102 2884 3170 lo-

656 3204 909 3295 quendi
940 3206 1389 3296 significamus
1404 3259 1424 3295 ‚
1476 3217 1791 3277 eventum
1819 3233 1957 3278 non
1998 3211 2519 3303 comprobatum
2555 3207 2641 3274 iri
2671 3205 2881 3273 facto.

657 3308 875 3376 Aliter
931 3309 1104 3374 enim
1164 3311 1580 3380 coniunctivo
1640 3322 2000 3380 uteremur.
2103 3314 2186 3381 Id
2233 3314 2476 3405 pulcre
2527 3307 2886 3401 perspexit

656 3409 1049 3500 Reisigius
1031 3432 1100 3476 ιιι
1133 3409 1395 3480 Comm.
1433 3437 1527 3486 cr.
1560 3413 1651 3481 ad
1696 3412 1872 3485 Oed.
1913 3415 2061 3484 Col.
2105 3440 2181 3508 p.
2229 3414 2402 3483 168.
2432 3437 2626 3513 seqq.
2672 3434 2885 3503 quem

657 3521 885 3579 tamen
915 3511 986 3577 in
1021 3511 1334 3581 Electrae
1377 3514 1788 3607 Euripideae
1825 3518 1980 3585 loco
2022 3541 2088 3591 v.
2122 3518 2243 3586 57.
2291 3542 2482 3607 seqq.
2529 3517 2675 3583 falli
2714 3514 2885 3582 mihi

657 3612 908 3696 videri,
952 3612 1042 3680 ad
1081 3614 1439 3705 Sophoclis
1483 3618 1796 3686 Electrae
1841 3615 2443 3693 v.57.dixi.1n
2485 3617 2884 3687 huiusmodi

656 3715 861 3806 igitur
906 3717 1226 3808 exemplis
1271 3721 1600 3811 optativus
1630 3722 1981 3790 manifesto
2018 3724 2113 3791 sic
2152 3733 2518 3815 usurpatur
2535 3771 2556 3806 ,
2608 3730 2687 3789 ιιι
2732 3721 2883 3789 solo

660 3818 938 3885 consilio
992 3817 1349 3887 indicando
1408 3821 1838 3891 effectionem
1908 3847 2043 3911 non
2112 3837 2550 3917 sequnturam
2614 3831 2881 3916 arguat.

655 3918 982 4015 Est'yero
1030 3921 1224 3988 etiam
1246 3970 1267 4005 ,
1307 3923 1425 3990 ubi
1458 3925 1720 4013 utrique
1764 3927 1971 3995 modo
2018 3930 2207 3998 locus
2253 3938 2356 3998 est
2378 3978 2401 4018 ,
2450 3929 2688 4020 prouti
2733 3948 2884 3995 rem

655 4020 876 4089 animo
906 4023 1264 4113 concipias,
1368 4027 1462 4093 Vt
1483 4027 1671 4095 Iliad.
1697 4056 1758 4117 χ.
1787 4027 1960 4102 348.

852 4153 950 4242 ὥς
981 4152 1109 4229 οὐκ
1138 4154 1306 4231 ἔσθ’
1338 4158 1415 4241 ὂς
1445 4160 1567 4258 σῆς
1591 4189 1672 4254 γε
1705 4156 1916 4246 κύνας
1948 4166 2256 4265 κεφαλῆς
2285 4159 2724 4240 ἀπαλάλκοι.

652 4287 888 4384 Eurip.
918 4291 1069 4364 Alc.
1099 4288 1220 4361 53.

861 4417 1031 4500 ἔσθ’
1059 4424 1191 4505 οὖν
1223 4426 1319 4503 ὄπ
1436 4430 1546 4506 'A
1870 4439 1886 4460 ⁹
2009 4436 2040 4456 ⁰
2287 4429 2306 4457 ’
2453 4468 2468 4481 ·

1323 4459 1412 4513 ως
1541 4437 1820 4532 λκηστις
1850 4462 1919 4517 ες
1948 4463 2170 4533 γηρας
2199 4439 2465 4530 μολοι,
