3284 5159
528 455 612 517 14
1221 448 1335 509 DE
1377 447 1930 509 PARTICVLA
1974 442 2069 513 ἄν

525 641 1005 736 particularum
1060 662 1214 710 eam
1271 640 1542 710 videam
1595 638 1923 709 rationem
1982 640 2344 708 tenendam
2402 664 2548 711 esse
2562 692 2584 727 ‚
2652 654 2751 730 ut,

527 768 996 837 quaecumque
1022 767 1256 813 earum
1284 744 1691 812 constructio
1722 741 1827 833 sit,
1873 744 2064 811 verbi
2088 755 2349 835 partes,
2402 746 2589 834 quod
2622 746 2750 814 ad-

524 852 824 918 iunctum
851 847 1125 933 habent,
1159 847 1482 939 deinceps
1511 869 1906 938 persequar,
1950 856 2175 914 tamen
2206 847 2544 915 interdum
2576 872 2748 933 eam,

525 975 702 1042 quae
733 974 895 1020 vere
924 950 1331 1019 constructio
1376 960 1513 1035 est,
1555 950 1642 1017 ab
1683 951 1795 1019 illa
1814 999 1840 1037 ,
1889 972 2067 1042 quae
2097 950 2360 1020 videtur
2388 974 2535 1023 esse
2553 1003 2575 1042 ,
2627 954 2751 1025 sed

523 1079 661 1124 non
692 1064 794 1124 est
807 1108 829 1147 ,
882 1053 1293 1148 distinguere
1323 1053 1685 1147 oportebit.

1586 1259 1673 1333 V.

720 1396 1575 1467 Grammaticorum
1647 1398 1759 1467 de
1827 1397 2545 1469 constructione

1386 1519 1891 1590 sententia.

731 1669 1342 1740 Grammaticorum
1385 1661 1563 1762 quae
1607 1674 1813 1743 fuerit
1856 1672 1948 1742 de
1990 1672 2486 1741 constructione
2530 1673 2745 1764 parti-

523 1773 716 1841 culae
747 1772 840 1844 ἄν
873 1775 1196 1842 sententia
1211 1828 1232 1865 ,
1283 1779 1543 1868 optime
1572 1777 1897 1870 cognosci
1937 1785 2163 1868 potest
2204 1799 2243 1845 e
2287 1776 2616 1867 scriptore
2656 1776 2746 1842 de

522 1877 787 1967 syntaxi
818 1878 888 1944 in
912 1877 1214 1946 Bekkeri
1242 1879 1633 1967 AnecdotiS,
1688 1882 1805 1971 qui
1833 1881 2017 1949 illam
2051 1879 2423 1947 doctrinam
2453 1880 2746 1946 omnium

519 1980 904 2071 plenissime
938 1981 1263 2073 exposuit.
1368 1983 1533 2052 Eius
1569 1985 1782 2052 verba
1809 1984 1984 2051 infra
2008 1984 2138 2051 suis
2164 1982 2328 2050 locis
2359 1980 2742 2050 afferentur.

520 2083 657 2152 Hic
674 2083 826 2152 satis
845 2094 947 2151 est
958 2085 1214 2175 pauciS,
1243 2086 1409 2175 quid
1427 2086 1521 2155 illi
1538 2088 1845 2177 sentiant,
1875 2086 2255 2178 complecti.
2315 2086 2422 2153 Ac
2436 2085 2526 2153 de
2546 2086 2749 2173 quin-

520 2208 657 2276 que
705 2187 821 2276 qui
867 2197 1156 2279 excepto
1211 2189 1568 2282 participio
1616 2200 2051 2257 numerantur
2106 2188 2472 2256 verborum
2526 2187 2744 2255 modis

521 2289 741 2358 solum
803 2290 1275 2381 imperativum
1336 2302 1589 2384 negant
1639 2294 1838 2360 istam
1894 2292 2296 2383 particulam
2354 2290 2742 2375 admittere3

523 2415 680 2461 cum
745 2395 1023 2462 caeteris
1080 2404 1307 2463 autem
1357 2416 1511 2464 eam
1555 2395 1868 2463 omnibus
1924 2394 2215 2462 construi
2268 2394 2467 2464 aiunt.
2570 2393 2744 2461 ltem

520 2496 938 2589 temporibus
969 2496 1242 2589 adiungi
1270 2497 1608 2567 affirmant
1657 2498 1965 2568 omnibus
1982 2548 2001 2580 ‚
2049 2497 2345 2587 exceptis
2386 2506 2744 2588 praesente

520 2609 593 2667 et
643 2599 954 2692 perfecto
1001 2608 1071 2668 et
1131 2599 1383 2671 futuro.
1486 2601 1829 2671 Infinitivis
1894 2598 2061 2669 addi
2118 2599 2349 2669 dicunt
2400 2599 2743 2685 omnibus3

517 2704 684 2773 item
725 2702 1121 2795 participiis·

727 2806 921 2874 Haec
952 2829 1198 2876 verane
1239 2830 1325 2876 an
1363 2828 1499 2877 non
1532 2807 1689 2876 satis
1732 2814 2046 2876 accurate
2080 2805 2258 2874 dicta
2291 2806 2420 2875 sint
2438 2860 2459 2899 ,
2510 2808 2744 2898 quaeri

519 2918 746 3002 potest
778 2908 1043 2978 duobus
1079 2909 1338 2993 modis3
1387 2933 1558 2997 uno,
1612 2911 1729 3000 qui
1756 2911 2207 3003 experientiae
2240 2912 2741 3004 exemplorum·

521 3036 657 3103 que
695 3012 941 3081 finibus
983 3013 1390 3101 continetur,
1442 3014 1559 3103 qui
1593 3023 1723 3105 per
1764 3036 1839 3082 se
1876 3036 2117 3081 caecus
2163 3023 2295 3102 est,
2345 3015 2742 3107 praesertim

520 3117 590 3184 in
619 3123 808 3184 tanta
842 3114 1256 3186 dissensione
1285 3115 1632 3200 codicum3
1676 3118 1911 3206 altero,
1940 3118 2056 3208 qui
2083 3118 2153 3185 in
2184 3118 2557 3209 particulae
2581 3140 2740 3185 ver-

517 3220 727 3309 bique
754 3218 1115 3287 modorum
1143 3243 1224 3287 ac
1251 3228 1636 3311 temporum
1669 3228 1905 3288 natura
1931 3219 2452 3312 pervestiganda
2481 3228 2582 3287 est
2602 3242 2740 3312 po·-

521 3323 680 3392 situs
696 3373 717 3410 ,
769 3322 885 3411 qui
916 3332 1018 3391 est
1057 3323 1147 3390 ad
1176 3324 1682 3415 intelligentiam
1720 3323 1818 3392 rei
1845 3323 2120 3411 quidem
2154 3324 2564 3415 apfissimm,
2615 3323 2741 3392 sed

516 3436 780 3516 tamen,
831 3425 957 3494 nisi
987 3447 1111 3495 usu
1145 3427 1604 3519 exemplisque
1634 3428 2146 3520 comprobetur,
2197 3448 2334 3494 non
2365 3425 2527 3493 facit
2557 3428 2733 3496 satis,

521 3529 852 3598 Convenit
895 3552 1059 3598 vero
1113 3530 1200 3598 ab
1243 3529 1380 3598 hoc
1424 3530 1650 3600 facere
1686 3532 1976 3618 initium,
2051 3538 2129 3597 ut
2177 3530 2293 3597 ubi
2346 3530 2738 3621 apparuerit

519 3632 684 3721 quid
725 3632 938 3723 possit
972 3631 1137 3721 dici,
1191 3631 1439 3701 deinde
1469 3643 1828 3722 quaeratur
1843 3685 1865 3724 ,
1915 3630 2081 3724 quid
2125 3632 2258 3700 dici
2302 3634 2737 3704 consueverit.

515 3736 625 3806 Ac
669 3735 1100 3804 ratiocinetur
1147 3736 1296 3825 quis
1343 3737 1437 3804 ita
1470 3735 1754 3804 fortasse
1773 3760 1796 3806 ι
1866 3736 2182 3825 quoniam
2223 3735 2577 3803 infinitivus
2604 3760 2736 3804 nu-

520 3838 681 3908 dam
726 3839 916 3907 verbi
964 3839 1307 3909 notionem
1364 3840 1699 3908 contineat
1717 3888 1738 3925 ,
1812 3860 2226 3927 consequens
2278 3861 2425 3906 esse
2443 3845 2472 3923 ‚'
2515 3848 2629 3926 ut,
2680 3840 2736 3907 si

520 3965 675 4010 cum
702 3941 1023 4010 infinitivo
1055 3950 1474 4011 construatur
1501 3942 1831 4034 particula
1875 3942 2025 4025 illa,
2067 3942 2361 4009 construi
2386 3942 2601 4033 possit
2630 3950 2736 4009 et·-

516 4046 652 4112 iam
685 4068 841 4112 cum
876 4044 1157 4115 caeteris
1187 4046 1375 4114 verbi
1401 4046 1632 4114 formis
1663 4045 2010 4126 omnibus3
2060 4044 2221 4112 item
2238 4095 2259 4132 ,
2301 4045 2354 4113 si
2378 4043 2734 4112 infinitivus
2779 4113 2789 4119 ,

506 4147 818 4215 omnium
843 4157 1230 4240 temporum
1257 4148 1602 4217 adiiciatur
1618 4198 1640 4236 ,
1693 4156 1768 4214 ut
1794 4146 2009 4239 possit
2045 4148 2245 4215 etiam
2274 4163 2428 4216 cum
2458 4156 2733 4240 tempo-

514 4273 668 4319 rum
692 4251 990 4318 omnium
1016 4251 1382 4319 indicativis
1404 4251 1733 4343 coniungi.
1773 4251 1868 4318 At
1893 4249 2065 4318 haec
2080 4273 2217 4319 non
2241 4247 2425 4320 recte
2456 4251 2734 4318 conclu-

517 4376 593 4420 sa
620 4353 798 4421 foret
820 4354 1012 4421 ratio.
1047 4354 1227 4422 Nam
1253 4355 1369 4421 illa
1394 4354 1693 4428 infinitivi
1723 4353 2124 4422 constructio
2155 4355 2408 4443 ubique
2441 4362 2542 4421 est
2574 4376 2733 4422 ora-

516 4457 711 4527 tionis
743 4456 1061 4547 obliquae
1075 4506 1098 4547 ,
1148 4479 1372 4550 neque
1405 4459 1631 4528 locum
1662 4456 1908 4547 habet,
1958 4457 2086 4529 nisi
2110 4458 2228 4527 ubi
2243 4447 2326 4526 ‘in
2356 4465 2544 4527 recta
2573 4479 2732 4526 ora-
