3284 5159
620 450 712 515 4⁶
770 437 776 442 ·
1294 443 1410 504 DE
1483 439 2031 505 PARTICVLA
2073 434 2166 505 ἄν

623 635 1033 719 defendere3
1094 635 1220 708 lm.
1268 633 1624 703 Bekkerus
1668 642 1893 703 autem
1942 633 2188 723 aliique
2232 627 2366 706 ὦσι
2414 633 2840 701 scribendum

620 749 896 837 putant,
949 739 1169 830 quod,
1214 739 1338 807 nisi
1380 738 1557 806 forte
1610 747 1678 806 et
1714 735 1895 811 ὅταν
1945 746 2013 806 et
2053 736 2188 810 εἰσὶ
2229 746 2305 804 ut
2351 738 2437 807 ab
2474 738 2854 830 interprete,

623 845 889 915 adiecta
920 844 1132 911 deleri
1167 843 1504 929 volemus,
1557 842 1827 909 omnino
1862 840 2291 931 probandum
2321 849 2441 909 est.

822 947 1039 1018 Aliter
1069 968 1231 1014 vero
1263 946 1475 1014 sentio
1519 944 1606 1012 de
1632 944 1969 1013 Herodoti
1998 945 2221 1011 verbis
2249 943 2370 1017 111.
2398 942 2523 1016 69.
2573 942 2641 1012 ἰιι
2682 945 2838 1034 qui-

621 1051 748 1118 bus
775 1051 961 1118 idem
992 1059 1112 1132 est,
1164 1057 1365 1138 atque
1396 1048 1581 1140 apud
1609 1048 2024 1138 Lycurgum,
2074 1047 2402 1115 librorum
2444 1069 2837 1116 consensus·

620 1152 711 1248 ἢν
738 1178 876 1248 γαρ
910 1145 998 1247 δη
1019 1144 1123 1246 μή
1155 1156 1312 1224 ἑστι
1352 1147 1395 1224 6
1426 1143 1691 1246 Κύρου
1723 1151 2082 1255 Σμέρδις,
2137 1143 2321 1223 ἀλλά
2349 1143 2483 1222 τόν
2510 1154 2839 1224 καταδο-

618 1256 752 1328 κέω
783 1250 953 1348 ἐγώ,
1008 1252 1218 1326 οὔτοι
1255 1280 1386 1345 μιν
1419 1251 1539 1325 σοί
1572 1279 1658 1324 τε
1693 1277 2281 1344 συγκοιμωμενον
2320 1251 2441 1325 καὶ
2484 1245 2578 1324 τό
2627 1258 2839 1350 Περ-

623 1359 801 1430 σέων
835 1350 1098 1453 κράτος
1141 1358 1404 1445 ἔχοντα
1444 1359 1558 1427 δεῖ
1585 1354 1940 1449 χαίροντα
1980 1349 2486 1428 ἀπαλλάσσειν.
2589 1356 2833 1448 Nuper

621 1461 876 1529 editum
906 1462 976 1532 εἰ
1004 1482 1088 1527 ex
1130 1457 1555 1546 coniectura,
1609 1480 1815 1546 quam
1853 1479 2280 1546 nequaquam
2308 1458 2552 1548 probo.
2657 1460 2837 1526 Nam

621 1564 746 1632 etsi
795 1563 911 1630 hic
962 1570 1031 1629 et
1071 1560 1156 1650 ἢν
1203 1589 1304 1657 μη
1355 1557 1404 1657 ᾗ
1433 1570 1502 1628 et
1543 1563 1614 1632 εἰ
1647 1588 1750 1656 μη
1789 1560 1943 1633 ἔστι
1988 1559 2121 1627 dici
2161 1562 2416 1651 potuit,
2486 1571 2712 1629 tamen
2745 1585 2835 1632 ne

619 1665 711 1762 ἢν
743 1660 851 1761 μή
881 1667 1036 1738 ἔστι
1077 1665 1354 1753 quidem
1379 1664 1626 1752 idonea
1665 1663 1921 1733 ratione
1950 1685 2181 1731 carere
2204 1672 2397 1755 puto.
2504 1664 2619 1734 Sic
2660 1666 2836 1733 enim

617 1769 808 1858 loqui
846 1767 1112 1836 videtur
1144 1766 1431 1848 OtaneS‚
1483 1776 1561 1834 ut
1599 1789 1738 1835 ιιοιι
1776 1775 1986 1860 neget
2032 1766 2368 1856 quidem,
2402 1788 2607 1858 posse
2649 1769 2837 1837 illum

488 1951 513 1980 3
619 1871 786 1962 Cyri
812 1872 1024 1941 filium
1057 1893 1239 1955 esse,
1292 1892 1428 1959 quo
1458 1871 1605 1938 fine
1649 1870 1979 1961 particula
2009 1892 2157 1938 rem
2195 1870 2537 1938 fortuitam
2577 1870 2836 1963 signifi..

620 1983 812 2043 cante
838 1974 1063 2058 utitur,
1117 1972 1240 2041 sed
1269 1973 1519 2040 indicet
1545 1983 1792 2060 tamen,
1846 1996 1920 2042 se
1954 1982 2139 2041 certo
2171 1974 2470 2063 credere,
2522 1996 2662 2043 non
2692 1997 2836 2043 esse

618 2100 774 2146 eum
806 2075 974 2167 Gyri
1005 2076 1237 2164 filium,
1290 2075 1479 2167 quod
1512 2076 1823 2167 exprimit
1846 2075 2206 2145 indicativo
2237 2077 2572 2149 adiuncto.
2672 2076 2837 2145 Ma-

616 2182 724 2274 gis
751 2180 825 2247 id
856 2181 1185 2265 eluceret,
1240 2179 1295 2248 si
1326 2178 1421 2247 sic
1449 2178 1757 2248 dixisset:
1808 2178 1898 2274 ἢν
1928 2171 2067 2275 γάρ
2116 2173 2208 2301 δή
2236 2173 2345 2275 μή
2386 2174 2434 2275 ᾗ
2482 2177 2526 2252 ὁ
2569 2174 2831 2275 Κυρου

616 2284 972 2379 Σμέρδις,
1026 2277 1187 2354 ἀλλ
1229 2282 1385 2355 ἔστι
1432 2274 1566 2353 τόν
1602 2282 2013 2354 καταδοκέω
2062 2275 2236 2374 ἐγώ·
2287 2290 2364 2349 ut
2401 2282 2637 2373 paullo
2674 2293 2835 2374 post

616 2387 687 2455 in
726 2385 973 2455 eodem
1019 2384 1238 2474 capite
1273 2384 1600 2475 scriptum
1629 2394 1766 2453 est.
1820 2382 1909 2480 ἢν
1951 2376 2090 2481 γάρ
2128 2378 2221 2482 δή
2251 2409 2354 2476 μη
2384 2378 2703 2510 τυγχάνῃ
2736 2381 2836 2458 τά

617 2517 769 2562 ωτα
789 2489 998 2577 ἔχων,
1031 2485 1478 2579 ἐπίλαμπτος
1506 2487 1582 2559 δὲ
1621 2481 2052 2583 ἀφάσσουσα
2077 2487 2309 2576 ἔσται,
2333 2479 2417 2560 εὖ
2446 2487 2715 2560 ειδέναι
2745 2515 2836 2571 ως

617 2583 959 2664 ἀὶστοόσει
992 2616 1146 2681 μιν.
1204 2589 1362 2675 Quo
1383 2590 1538 2660 loco
1559 2589 1745 2679 quod
1772 2599 1908 2658 tres
1927 2589 2129 2661 codd.
2155 2589 2429 2673 habent,
2460 2592 2530 2663 εἰ
2552 2584 2833 2683 τυγχά-

614 2722 749 2782 νει,
793 2694 1064 2760 minime
1096 2692 1551 2783 praetulerim.
1620 2694 1800 2760 Nam
1833 2702 1933 2761 est
1965 2692 2294 2781 quidem
2276 2717 2347 2762 ιιι
2373 2692 2491 2760 illo
2517 2693 2833 2763 liberiore

530 2846 535 2850 -
612 2796 972 2865 modorum
987 2817 1111 2864 usu
1130 2797 1543 2888 negligentia
1562 2797 1921 2885 quaedam,
1965 2795 2088 2863 sed
2109 2796 2446 2864 laudanda
2472 2794 2587 2863 illa
2609 2799 2833 2888 potius

615 2922 817 2989 quam
835 2898 1302 2990 vituperanda,
1348 2901 1505 2987 quia
1523 2922 1658 2967 non
1684 2900 2008 2967 inscitiam
2032 2899 2290 2992 fontem
2316 2899 2545 2987 habet,
2575 2900 2697 2969 sed
2717 2902 2831 2968 in·-

610 3003 1049 3094 telligentiam
1088 3003 1226 3070 veri
1257 3003 1551 3094 aptique.
1660 3001 2061 3095 Comparari
2101 3011 2327 3094 potest
2373 3000 2677 3094 Theagis
2723 3004 2830 3071 lo-

614 3129 731 3174 cus
760 3106 946 3197 apud
973 3105 1345 3174 Stobaeum
1359 3106 1411 3178 1.
1431 3103 1555 3176 67.
1589 3106 1708 3196 qui
1724 3106 1793 3173 in
1810 3106 2095 3196 vulgatis
2113 3105 2269 3179 edd.
2291 3106 2393 3173 bis
2413 3107 2699 3197 scriptus
2724 3107 2833 3192 in-

566 3280 577 3294 „
611 3210 873 3277 venitur
899 3230 972 3300 p.
1009 3206 1082 3279 8.
1113 3217 1181 3275 et
1213 3208 1334 3280 1⁰.
1376 3208 1685 3277 notabilis
1714 3208 1916 3276 etiam
1955 3218 2243 3299 propter
2273 3209 2562 3276 formam
2590 3207 2829 3297 ὅκκαν,

613 3334 820 3401 quam
849 3334 934 3379 ex
964 3311 1117 3383 cod.
1148 3311 1234 3382 A.
1270 3334 1401 3403 pro
1434 3308 1568 3383 ὅκα
1594 3312 1857 3435 recepit
1897 3311 2320 3380 Gaisfordius
2348 3335 2422 3405 Ρ.
2459 3310 2580 3385 31.
2611 3309 2829 3386 ὅκκαν

614 3409 747 3487 οὖν
778 3418 847 3495 ἐς
875 3406 968 3485 τό
985 3412 1062 3485 ἓν
1092 3407 1190 3484 τά
1222 3412 1392 3510 τρία
1420 3413 1664 3486 ταῦτα
1689 3407 1908 3535 μόλῃ,
1937 3413 2119 3506 μίαν
2148 3408 2623 3506 ἑπιδεξάμενα
2659 3441 2828 3490 συν-

613 3509 976 3613 αρμογάν,
1003 3508 1181 3610 τόκα
1202 3517 1279 3588 δὲ
1293 3516 1572 3609 γίνεται
1592 3510 1826 3611 ἀρετα
1841 3544 1959 3588 και
1946 3513 2326 3610 ὁμολογία
2361 3523 2437 3591 ἐν
2466 3517 2566 3612 τᾷ
2588 3517 2824 3612 ψυχᾷ·

615 3616 833 3692 ὅκκαν
861 3617 938 3691 δὲ
956 3605 1436 3705 στασιάζοντα
1449 3615 1685 3691 καιάπ
1699 3613 2069 3693 ’ἀλλάλων
2085 3616 2572 3708 ἀπέσπασται,
2601 3614 2824 3693 τόκκα

614 3722 693 3794 δὲ
721 3720 999 3813 γίνεται
1042 3719 1255 3793 κακία
1287 3721 1410 3793 καὶ
1437 3716 1899 3815 ἀναρμοστία
1931 3727 2008 3796 ἐν
2042 3723 2144 3816 τᾷ
2167 3745 2392 3817 ψυχᾳ.
2494 3723 2674 3790 Nam
2702 3724 2824 3791 etsi

610 3825 782 3914 quiS‚
833 3824 1155 3913 quoniam
1188 3824 1342 3896 cod.
1374 3825 1459 3896 A.
1515 3820 1987 3897 απόσπασται
2017 3823 2244 3914 habet,
2297 3825 2628 3895 coniicere
2656 3848 2825 3917 pos-

610 3929 696 3995 sit
741 3923 1167 3999 ἀποσπᾶται
1210 3927 1637 3995 scribendum
1687 3950 1870 4013 esse,
1931 3936 2196 4016 tamen,
2260 3928 2314 3997 si
2356 3928 2520 4018 quid
2561 3938 2825 3997 mutan-

612 4029 811 4117 dum,
864 4030 1085 4121 aptius
1115 4021 1294 4098 foret
1337 4022 1816 4117 ἀπόσπαστα,
1868 4032 2114 4099 omisso
2150 4032 2398 4118 verbo,
2442 4040 2519 4100 ut
2556 4032 2823 4124 saepius

616 4132 689 4200 in
718 4132 964 4201 eodem
1001 4133 1386 4223 fragmento
1424 4133 1616 4205 infra.
1724 4133 1866 4202 Sed
1899 4133 2175 4203 defendi
2221 4142 2447 4227 potest
2495 4131 2823 4211 ἀπέσπα-
2915 4156 2929 4170 ‘

574 4260 822 4322 .σται,
872 4257 1008 4303 ιιοιι
1035 4244 1260 4303 tamen
1288 4245 1366 4304 ut
1393 4258 1479 4310 ‚ex
1522 4233 1737 4321 ὅκκα,
1783 4235 1914 4305 sed
1944 4245 2019 4305 ut
2069 4261 2153 4307 ex
2197 4238 2359 4323 ὅτε,
2428 4239 2616 4328 quod
2661 4238 2828 4306 latet

606 4338 676 4405 in
704 4334 878 4410 ὅκκα
904 4338 1222 4430 pendeat.
1326 4338 1517 4407 Istud
1547 4335 1766 4428 ὅκκα,
1816 4339 1990 4408 haec
2015 4343 2191 4410 enim
2216 4341 2505 4433 genuina
2534 4342 2823 4433 scriptuss-

605 4462 686 4508 ra
715 4448 848 4532 est,
898 4463 1109 4534 quum
1139 4442 1523 4537 saepissime
1560 4442 1629 4511 in
1655 4442 1782 4513 ista
1824 4443 2128 4538 Theagis
2173 4433 2635 4516 dissertatione
2653 4493 2675 4532 ‚
2726 4444 2821 4512 uti
