3284 5159
647 393 774 453 118
1318 381 1439 443 ΒΕ.
1514 381 2073 443 PARTICVLA
2118 337 2209 445 ἂν

855 572 900 670 ἦ
956 601 1043 648 ου
1094 567 1188 669 δή
1250 566 1560 668 Ρήσου,·
1669 571 1830 644 ΟΛ.
1902 570 2263 652 κατέκτας.
2373 576 2617 648 ΧΟΡ
2688 570 2871 655 dud

1310 669 1444 748 τόν
1492 666 1892 746 κτενοῦντα
1947 699 2046 745 σε.

870 780 1032 852 ΟΔ.
1088 780 1242 868 ἴσχε
1292 777 1430 858 πᾶς
1480 803 1612 854 τις.
1714 780 1956 851 ΧΟΡ.
2012 802 2099 848 ου
2150 775 2286 868 μὲν
2342 772 2495 850 οὖν.
2585 780 2803 853 ΟΔ.
2797 777 2869 868 οἱ,

1308 878 1555 974 φίλιον
1607 878 1839 977 ἄνδρα
1892 872 2000 975 μή
2052 884 2330 961 θενεῖςς

648 1037 943 1104 Multum
976 1033 1063 1101 ab
1092 1031 1201 1099 his
1240 1031 1467 1101 diflert
1491 1031 1659 1099 illud
1685 1031 1981 1099 Platonis
2012 1031 2079 1124 in
2111 1031 2330 1100 Alcib.
2365 1032 2418 1105 Ι.
2458 1056 2531 1123 p.
2567 1031 2738 1125 122.
2780 1034 2868 1103 l).

652 1145 715 1212 εἱ
762 1135 834 1211 δ’
870 1132 964 1208 αὖ
990 1163 1068 1207 τι
1111 1134 1229 1205 καὶ
1266 1132 1555 1228 πλούτῳ
1588 1134 1948 1229 προςέχεις
1983 1132 2101 1206 καὶ
2131 1128 2323 1206 κατοῖ
2355 1136 2579 1207 τοῦτο
2614 1139 2756 1208 οἱέι
2791 1164 2869 1209 τι

562 1276 569 1279 ·
651 1239 868 1326 εἶναι,
923 1237 1105 1334 μηδὲ
1130 1236 1354 1310 τοῦτο
1384 1236 1473 1310 ἂν
1504 1235 1681 1333 ἡμῖν
1713 1234 2030 1333 ἄρ’ῥητον
2054 1238 2260 1316 ἔστω,
2312 1229 2439 1310 ἒοῖν
2466 1264 2610 1317 πως
2642 1241 2869 1335 αἴσθῃ

652 1340 742 1418 οὖ
781 1338 866 1416 εἷ.
918 1342 1354 1428 Quamquam
1387 1363 1538 1408 eam
1564 1339 1960 1430 scripturam
1989 1362 2074 1407 ex
2104 1339 2395 1407 editione
2428 1336 2871 1409 Laema'riana

580 1448 585 1455 ’
649 1453 1105 1540 propagatam
1136 1467 1282 1512 esse
1296 1494 1316 1530 ,
1370 1468 1410 1511 a
1434 1443 1845 1511 Buttmanno
1871 1443 2199 1510 monitum
2230 1443 2425 1511 estin
2450 1437 2868 1535 praefatione

652 1550 740 1618 ad
771 1549 888 1621 lV.
924 1548 1349 1639 dialogorum
1379 1545 1485 1615 ed.
1518 1554 1825 1636 quartam
1851 1569 1922 1638 p.
1960 1545 2073 1619 lv.
2108 1569 2317 1635 quum
2345 1570 2563 1636 neque
2600 1547 2866 1616 codices

649 1676 777 1721 nec
819 1651 1075 1744 priores
1123 1649 1280 1717 edd.
1326 1648 1416 1720 ἄν
1460 1648 1779 1720 habeant.
1886 1647 2031 1717 Sed
2073 1649 2421 1717 fatendum
2471 1659 2576 1718 est
2617 1660 2867 1739 tamen,

650 1756 947 1848 potuisse
986 1751 1186 1838 addi,
1237 1760 1313 1819 ut
1338 1751 1525 1841 quod
1557 1774 1692 1819 non
1718 1750 1808 1818 ad
1849 1751 2354 1842 imperativum,
2406 1752 2528 1820 sed
2563 1753 2652 1819 ad
2686 1753 2868 1851 μηδὲ

650 1859 874 1930 τοῦτο
920 1856 1269 1949 pertineat.
1375 1855 1586 1922 Plane
1616 1856 1709 1922 ita
1751 1855 2068 1943 loquutus
2114 1853 2438 1949 Metopus
2483 1855 2672 1946 apud
2704 1857 2867 1925 Sto-

649 1962 896 2029 baeum
935 1959 987 2031 1.
1034 1955 1158 2030 64.
1193 1981 1268 2077 p.
1303 1957 1375 2042 Ἴ,
1402 1956 1522 2028 48.
1574 1985 1670 2030 τα
1706 1957 1782 2029 δὲ
1827 1959 2021 2029 εἴδεα
2071 1953 2297 2038 αὐτοῖς
2338 1957 2455 2028 καὶ
2501 1951 2598 2030 τοῖ
2637 1960 2864 2054 μέρεα

654 2060 879 2153 οὕτως
912 2055 1002 2132 κοῖ
1031 2086 1143 2140 τις
1174 2053 1588 2157 ἄθρησοῖτω.
1695 2061 1795 2128 Ita
1822 2059 2078 2128 editum
2109 2084 2150 2126 a
2178 2059 2588 2128 Gaisfordio.
2690 2060 2864 2129 cod.

651 2167 735 2235 A.
786 2163 926 2237 καί.
1003 2164 1231 2255 Vulgo
1265 2159 1491 2242 οὕτως
1524 2161 1616 2234 ἄν
1647 2189 1780 2243 τις.
1864 2162 2203 2261 Maximus
2242 2163 2492 2253 Tyrius
2519 2164 2676 2232 diss.
2713 2164 2862 2232 vll.
2903 2164 2908 2169 ’

654 2292 712 2335 e.
747 2266 818 2341 7.
871 2291 945 2360 p.
992 2264 1163 2337 116.
1218 2264 1328 2338 ed.
1370 2264 1605 2337 Reisk.
1653 2264 1786 2337 κᾶν
1821 2262 2050 2337 τοῦτο’
2091 2291 2203 2344 τις
2245 2261 2464 2356 ὐμῶν
2488 2293 2578 2339 το
2624 2258 2867 2347 πάθος

653 2365 1048 2467 ζηλωσᾰτω.
1152 2364 1343 2437 Male
1380 2368 1476 2436 ibi
1515 2368 1831 2437 Reiskius
1866 2369 2150 2437 coniecit
2181 2363 2316 2440 κοὲν
2357 2361 2616 2462 τούτῳ.
2718 2369 2865 2437 Re-

654 2474 976 2542 centiores
1017 2472 1217 2540 etiam
1262 2472 1505 2540 omisso
1552 2471 1779 2544 τοῦτο
1796 2524 1825 2559 ,
1891 2480 1966 2540 ut
2010 2472 2287 2540 Ttetzes
2335 2469 2424 2537 ad
2459 2471 2662 2562 Lyc.
2688 2470 2860 2546 424.

658 2603 744 2649 ου
795 2575 872 2649 δὲ
923 2577 993 2648 εἰ
1032 2574 1261 2647 τοῦτο
1311 2576 1497 2671 μέχα
1545 2567 1880 2669 γράφεις
1941 2572 2076 2647 κᾶν
2117 2576 2280 2671 λέγε·
2320 2570 2441 2647 ὅτι
2486 2568 2864 2651 ἑπεκτοῖσει

652 2676 961 2774 Ἀττικῇ
984 2678 1173 2771 με’γοι
1220 2677 1445 2749 τοῦτο
1474 2672 1873 2772 γράφεται·
1929 2675 2019 2744 de
2051 2700 2193 2767 quo
2232 2676 2390 2745 loco
2428 2679 2684 2745 monuit
2717 2678 2864 2746 Lo-

630 2781 929 2871 ·beckius
957 2779 1048 2847 ad
1077 2780 1332 2870 Phryn.
1372 2803 1447 2872 p.
1477 2777 1547 2847 9.
1614 2778 1756 2846 lam
1781 2778 2059 2847 iudicari
2086 2782 2336 2874 poterit
2367 2782 2566 2861 etiam
2599 2781 2688 2849 de
2719 2782 2864 2849 Xe-

652 2884 1016 2977 nophontis
1058 2884 1280 2952 verbis
1324 2882 1549 2955 Anab.
1594 2876 1644 2950 Ι.
1681 2880 1751 2967 4,
1794 2879 1866 2950 8.
1920 2877 2088 2956 ἀλλ’
2136 2875 2398 2956 ἰόντων
2446 2882 2537 2957 ἄν
2595 2877 2864 2964 εἰδότες

654 2985 776 3060 ὅτι
804 2984 1088 3065 κακίους
1128 2984 1262 3059 εἰσὶ
1294 2984 1458 3080 περὶ
1492 2982 1679 3081 ἡμεῖς
1711 2981 1755 3076 ἢ
1780 2979 1981 3079 ἡμεῖς
2011 2985 2176 3078 περὶ
2211 2984 2539 3067 ἐκείνους.
2604 2987 2684 3056 In
2710 2987 2863 3078 qui-

652 3091 779 3159 bus
813 3088 1155 3156 Porsonus
1190 3089 1579 3178 quantocius
1621 3087 1993 3155 tollendum
2036 3089 2291 3156 censuit
2322 3084 2455 3177 ἄν,
2509 3112 2712 3178 quem
2748 3113 2853 3159 se-

653 3191 843 3282 quuti
872 3199 1022 3258 sunt
1048 3190 1173 3257 alii.
1276 3191 1372 3259 Et
1400 3199 1574 3260 esset
1599 3189 2007 3277 tollendum,
2060 3191 2115 3257 si
2136 3190 2503 3283 pertineret
2530 3193 2620 3261 ad
2645 3194 2861 3287 impe·

654 3295 970 3363 rativum:
1023 3293 1148 3361 sed
1185 3304 1283 3362 est
1327 3293 1419 3362 ad
1447 3287 1714 3374 εἰδότες
1754 3293 2220 3378 referendum,
2289 3294 2474 3383 quod
2518 3295 2778 3367 divisim
2807 3295 2861 3365 si

651 3396 826 3466 haec
856 3395 1304 3479 mundasset,
1358 3396 1628 3464 dixisset
1658 3387 1918 3468 ἰόντων
1958 3395 2075 3468 καὶ
2121 3398 2371 3469 εἰδεῖεν
2411 3394 2521 3469 ἄν.
2566 3462 2576 3471 .
2621 3399 2863 3469 Posset

653 3499 930 3570 defendi
984 3499 1185 3567 etiam
1234 3498 1584 3571 infinitivus
1634 3521 1788 3566 cum
1834 3496 1926 3571 ἄν
1981 3520 2113 3589 pro
2161 3499 2556 3590 imperativo
2598 3503 2858 3593 positus

652 3604 721 3672 in
763 3605 854 3671 H.
907 3600 1235 3694 Stephani
1276 3600 1568 3670 editione
1610 3599 1948 3670 Herodoti
1992 3600 2110 3668 111.
2168 3598 2337 3670 155.
2419 3596 2732 3693 ἐχόντων
2783 3604 2859 3679 δὲ

652 3698 839 3798 μήτε
892 3710 965 3776 οἱ
1010 3701 1358 3802 πρότεροι
1406 3705 1632 3803 μηδὲν
1672 3704 1819 3777 τὸν
1870 3696 2345 3793 ἀμυνούντων
2388 3699 2578 3801 μήτε
2622 3702 2858 3795 οὗτοι,

655 3801 837 3902 πλην
870 3805 1341 3902 ἐγχειριδίων
1394 3805 1621 3881 τοῦτο
1665 3808 1741 3880 δὲ
1778 3805 1868 3879 ἄν
1901 3807 2109 3896 ἔχειν.
2213 3806 2358 3876 Sed
2385 3807 2592 3878 hodie
2616 3809 2858 3897 editur,

653 3911 834 3979 nulla
857 3910 1226 4001 scripturae
1257 3909 1638 3979 diversitate
1667 3909 2016 3997 adnotata,
2070 3908 2293 3983 τοῦτο
2331 3909 2407 3982 δὲ
2436 3911 2563 3984 εὀἷν
2595 3913 2803 4004 ἔχειν.
