3284 5159
567 424 696 488 180
1242 421 1364 483 DE
1438 422 2001 484 PARTIchA
2043 417 2138 497 ἄν

569 602 1042 732 συγκοιμήσει
1073 610 1214 685 τοῦ
1246 609 1385 705 μέν
1420 610 1741 708 ἐραστοῦ
1776 609 1819 687 o‘
1857 603 2256 692 άιιόλαστος
2300 616 2515 693 ἵππος
2560 611 2707 700 ἔχει
2754 606 2800 684 5

568 743 646 788 τι
661 716 845 834 λεγῃ
876 707 1057 808 πρός
1087 709 1222 788 τόν
1256 709 1603 812 ἐραστήν,
1659 716 1777 788 καὶ
1809 712 2007 798 άειοῖ
2030 696 2199 788 άντὶ
2233 715 2515 788 πολλων
2552 706 2801 786 πόνων

568 812 845 911 σμικροὶ
876 813 1327 891 α’πολαῦσαι·
1382 827 1453 888 et
1470 819 1660 945 apud
1686 819 1965 910 Lysiam
1996 828 2228 886 contra
2242 818 2510 890 Andoc.
2533 841 2603 910 p.
2621 813 2797 888 254.

567 918 780 1011 (106.
810 921 921 988 vel
950 919 1428 1013 238.Re1sk)
1478 924 1644 1002 ἴσως
1674 917 1806 996 οὖν
1832 922 1955 995 καὶ
2003 920 2371 1016 Κηφισίου
2401 917 2800 1013 α’ντιιιατη-

564 1020 863 1119 γορήσει
910 1022 1028 1095 καὶ
1072 1028 1211 1105 ἕξει
1254 1022 1297 1098 5
1330 1053 1407 1098 τι
1443 1027 1648 1121 λέγῃ·
1700 1025 1822 1093 sed
1856 1035 2217 1114 utrumque
2253 1047 2338 1092 ex
2388 1024 2797 1094 coniectura.

563 1126 943 1215 Vtruhique
978 1128 1190 1220 vulgo
1239 1130 1434 1221 λέγοι
1446 1183 1473 1216 ,
1541 1127 1667 1197 sed
1706 1128 1859 1196 libri
1901 1128 2133 1220 scripti
2171 1127 2421 1218 Lysiae
2472 1136 2540 1195 et
2585 1128 2797 1217 longe

560 1229 835 1323 plurimi
861 1231 1235 1322 optimique
1262 1231 1463 1299 codd.
1506 1232 1802 1300 Platonis
1829 1232 2036 1323 λέγει.
2104 1230 2304 1299 Vnde
2330 1232 2598 1321 utrique
2629 1229 2799 1298 scri-

560 1332 744 1424 ptori
774 1330 819 1405 5
850 1359 921 1404 τι
968 1335 1193 1426 λέγειν
1237 1334 1723 1403 restituendum
1754 1335 2039 1405 videtur.
2143 1334 2319 1402 Vide
2352 1333 2576 1426 Soph.
2611 1331 2795 1404 Oed.

567 1435 720 1509 Col.
778 1434 899 1503 48.
957 1444 1024 1504 et
1075 1459 1251 1525 quae
1308 1436 1403 1505 ibi
1451 1438 1770 1506 adnotata
1811 1447 1992 1509 sunt.
2095 1437 2583 1529 Aristophanes
2631 1456 2799 1506 vero

562 1548 748 1608 recte
780 1539 942 1607 dixit
968 1539 1038 1606 in
1060 1539 1267 1632 Vesp.
1297 1535 1474 1608 945.

772 1705 935 1783 ἀλλ’
964 1704 1171 1783 οὐκ*
1130 1735 1318 1799 εχειν
1347 1704 1559 1792 οὗτός
1593 1706 1749 1804 γ’“’
1705 1736 1936 1784 εοιιιεν
1968 1708 2015 1785 5
2046 1738 2125 1785 τι
2157 1712 2343 1808 λε’γῃ

564 1881 824 1973 etipse
863 1880 1122 1948 Plato
1103 1904 1169 1949 ιιι
1199 1880 1367 1973 Lys.
1399 1904 1473 1974 p.
1500 1879 1676 1955 222.
1723 1890 1887 1954 extr.
1920 1874 2085 1954 ἄλλ’
2128 1881 2191 1953 εἱ
2241 1878 2467 1979 μηδὲν
2507 1870 2797 1952 τούτων

563 1980 778 2078 φίλον
812 1981 1048 2063 ἐστίν,
1105 1978 1241 2076 ἐγω
1272 1985 1410 2076 μὲν
1442 1981 1685 2057 ουκέτι
1716 1986 1850 2074 ἔχω
1884 1982 1961 2056 τί
1986 1985 2183 2076 λέγω.
2265 1984 2358 2050 Et
2385 1978 2796 2052 Demosthe-

559 2110 680 2154 nes
719 2111 789 2179 p.
824 2085 998 2169 378,
1040 2082 1110 2154 5.
1167 2084 1254 2159 οὐ
1280 2115 1420 2184 γαρ
1466 2081 1554 2184 δή
1587 2084 1696 2160 δι
1739 2084 2057 2179 α’πορίαν
2087 2113 2166 2177 γε
2187 2083 2285 2157 οὐ
2319 2080 2568 2181 φήσεις
2608 2085 2797 2172 ἔχειν

563 2187 609 2262 5
638 2216 715 2260 τι
750 2191 968 2285 εἴπῃς,
1017 2199 1094 2257 ut
1120 2212 1205 2258 ex
1234 2190 1436 2259 codd.
1464 2213 1596 2282 pro
1626 2192 1854 2271 εἴποις
1882 2189 2070 2257 dedit
2098 2189 2476 2257 Bekkerus.
2579 2184 2799 2277 Apud

561 2263 1050 2382 Thucydidem
1082 2293 1229 2363 vll.
1256 2288 1378 2367 25.
1409 2294 1659 2385 legitur
1691 2293 1779 2361 de
1810 2290 2089 2361 navibus
2133 2290 2617 2414 Syracusanisj
2673 2283 2797 2359 καὶ

564 2390 809 2466 αὐτῶν
846 2393 984 2487 μία
1014 2396 1153 2489 μὲν
1184 2400 1252 2476 ἐς
1286 2390 1844 2517 Πελοπόννησον
1876 2394 2139 2491 ᾤχετο,
2195 2397 2531 2522 πρέσβεις
2564 2390 2791 2485 ἄγου-

563 2519 696 2583 σα,
750 2503 957 2616 οἵπερ
991 2494 1088 2570 τά
1132 2525 1215 2583 τε
1250 2500 1564 2595 σφέτερα
1601 2492 1977 2593 φράσουσιν
2023 2496 2145 2571 ὅτι
2187 2503 2263 2572 ἐν
2305 2497 2586 2571 ἐλπίσιν
2627 2491 2790 2571 εἰσί,

560 2597 683 2668 καὶ
717 2626 850 2671 τον
892 2606 1039 2674 ἐκεῖ
1063 2594 1386 2692 πόλεμον
1420 2601 1702 2695 μᾶλλον
1731 2594 2182 2696 ἑποτρυνωσι
2222 2599 2631 2693 γίγνεσθαι.
2698 2596 2794 2665 At

560 2700 672 2767 vel
712 2713 996 2795 propter
1027 2702 1331 2771 additum
1370 2705 1504 2800 πὲρ
1537 2726 1917 2796 pronomen
1960 2702 2126 2771 illud
2152 2704 2315 2772 ferri
2346 2703 2617 2792 nequit:
2672 2722 2793 2768 or-

560 2808 707 2871 tum
755 2814 859 2872 est
903 2829 941 2873 e
984 2807 1162 2874 male
1206 2807 1385 2874 lecto
1430 2806 1839 2896 compendio
1888 2806 2256 2896 particulae
2306 2804 2530 2891 ὅπως,
2586 2825 2793 2894 quam

560 2908 761 2997 pauci
791 2907 1066 2997 quidem
1097 2909 1366 2976 codices
1384 2959 1404 2996 ‚
1458 2909 1580 2977 sed
1609 2909 1704 2975 illi
1729 2908 1918 2976 haud
1964 2908 2169 2977 dubie
2204 2918 2388 2979 recte
2428 2907 2789 3001 praebent.

558 3007 781 3077 Valde
829 3009 1057 3079 differt
1095 3012 1184 3080 ab
1224 3011 1359 3078 hoc
1401 3010 1470 3078 in
1508 3011 1754 3080 eodem
1780 3012 1953 3080 libro
1998 3034 2056 3079 c.
2094 3011 2163 3080 7.
2194 3012 2397 3081 illud:
2451 3010 2793 3105 πρέσβεις

560 3138 644 3182 τε
680 3108 885 3183 ἄλλοι
931 3140 1078 3185 των
1125 3111 1598 3207 Συρακοσίων
1646 3113 1766 3185 καὶ
1805 3112 2239 3207 Κορινθίων
2293 3119 2360 3195 ἐς
2401 3115 2791 3187 Λακεδαί-

558 3236 756 3302 μονα
812 3241 929 3284 και
974 3209 1366 3307 Κόρινθον
1417 3210 1968 3311 ἀπεστάλησαν,
2038 3212 2228 3297 ὅπως
2291 3241 2615 3312 στρατια
2674 3215 2792 3286 ἔτι

560 3315 944 3435 περαιωθῇ
962 3309 1264 3411 τρόπῳ
1239 3312 1298 3388 ὦ
1322 3345 1412 3388 αν
1438 3321 1515 3390 ἐν
1548 3313 1842 3390 ολκάσιν
1876 3315 1920 3415 ἢ
1951 3316 2307 3399 πλοίοις
2260 3347 2301 3413 η
2334 3317 2564 3397 ἄλλως
2596 3314 2792 3395 ὅπως

561 3409 654 3484 ἄν
689 3440 827 3507 προ
833 3416 1042 3510 χωρῆ
1110 3420 1267 3486 Non
1301 3419 1475 3486 enim
1497 3420 1665 3500 finis,
1716 3420 1838 3488 sed
1870 3419 2165 3489 conditio
2195 3420 2554 3505 indicatur,
2612 3440 2791 3511 quo-

486 3610 489 3619 }
561 3535 863 3608 cumque
886 3518 1104 3586 modo
1133 3542 1256 3589 res
1271 3521 1690 3614 procedere
1717 3519 2152 3615 visafuerit.

764 3619 1005 3687 Rarius
1034 3631 1136 3688 est
1166 3620 1354 3704 ὅπως
1383 3647 1536 3691 cum
1566 3624 1846 3692 futuro
1826 3647 1895 3692 m
1925 3624 2252 3694 eiusmodi
2280 3624 2483 3710 locis,
2532 3624 2603 3691 in
2632 3623 2789 3714 qui-

558 3716 686 3785 bus
707 3723 1082 3792 necessario
1110 3747 1242 3816 per
1267 3726 1756 3795 utvertendum
1773 3736 1890 3795 est.
1943 3726 2325 3819 Sophocles
2355 3726 2533 3795 Phil.
2557 3723 2785 3817 1068.

748 3872 980 4008 xw‘paeec
1003 3885 1138 3963 σύ
1190 3921 1293 3990 μη
1325 3879 1748 3987 πρόςλευσσε
1762 3947 1791 3982 ,
1844 3888 2167 3987 γενναῖός
2192 3921 2327 3993 περ
2355 3894 2489 3968 ων·

762 3985 968 4084 η’μων
1004 3990 1190 4074 ὅπως
1219 4021 1322 4086 ptr
1349 3990 1482 4085 τήν
1507 3988 1731 4093 τύχην
1760 3998 2262 4096 διαφθερεῖς..

555 4135 795 4229 Eurip.
825 4134 979 4232 lph.
1009 4144 1095 4211 Τ.
1128 4142 1299 4213 321.

763 4284 1104 4413 Πυλάδη,
1157 4290 1625 4390 θανούμεθ’
1678 4291 1885 4385 ἀλλ’,
1940 4294 2127 4380 ὅπως
2161 4294 2616 4393 θανούμεθα

731 4385 1142 4485 κάλλισθ’,
1195 4402 1371 4471 ἕπου
1394 4425 1581 4492 μοι..
1635 4392 2009 4496 φάσγανον
2040 4395 2316 4486 σπάσας
2340 4402 2526 4502 χερί
