3284 5159
1188 432 1359 494 LIB.
1401 430 1479 492 Π.
1570 429 1765 494 CAP.
1811 434 1872 495 1.
1916 433 1979 496 2.
2619 433 2707 496 w

482 624 828 697 consilinm
862 622 1164 691 facientis
1181 674 1202 710 ,
1254 644 1392 690 non
1433 620 1636 689 etiam
1650 668 1672 705 ‚
1726 644 1812 689 an
1844 627 2239 688 eventurum
2267 619 2354 689 sit
2379 620 2567 711 quod
2590 623 2703 692 ille

479 731 642 816 vult,
693 727 991 796 indicare
1022 726 1234 810 voles,
1274 717 1584 793 omnibns
1616 725 2032 816 temporibus
2070 724 2443 817 adiungere
2474 726 2706 794 licebit

481 833 856 925 optativum
889 827 1077 909 ὅπως
1103 830 1425 921 γε’νοιτοε
1466 828 1578 902 ‚sin
1609 850 1776 896 vero
1810 827 1900 895 de
1930 835 2173 896 eventu
2206 827 2535 918 loqueris,
2588 830 2706 920 qui

481 939 614 1004 iam
649 943 751 1004 est
779 933 1062 1002 effectus
1080 985 1101 1021 ,
1154 953 1378 1022 neque
1406 931 1654 1023 respici
1679 931 1780 999 vis
1806 929 1974 998 illud
1998 939 2264 1022 tempus
2280 981 2301 1017 ,
2356 955 2494 1023 quo
2526 956 2705 1002 non-

482 1039 647 1107 dum
704 1038 962 1125 evenit,
1027 1035 1405 1106 necessario
1459 1035 1644 1103 dices
1702 1032 2036 1131 ἐποίησὸν
2051 1087 2080 1123 ,
2148 1030 2336 1114 ὅπως
2388 1031 2699 1128 γένοιτὸ,

484 1141 830 1211 consilium
854 1140 1070 1208 solum
1107 1138 1509 1230 significans.
1612 1137 1793 1204 Nam
1840 1137 1897 1204 si
1941 1134 2135 1216 ὅπως
2175 1137 2472 1235 γένηται
2507 1138 2702 1207 dice-

482 1270 611 1332 res,
663 1252 780 1312 aut
815 1244 1056 1311 falsum
1086 1241 1368 1330 dicereS,
1427 1242 1482 1309 si
1507 1253 1801 1331 tempus,
1854 1261 1991 1330 quo
2017 1240 2336 1329 loqueriS,
2385 1241 2455 1309 in
2478 1252 2706 1311 mente

481 1350 808 1417 haberes:
861 1368 998 1414 non
1050 1346 1228 1413 enim
1274 1345 1563 1437 amplius
1605 1344 1869 1411 filtnrns
1909 1351 2011 1411 est
2043 1350 2321 1411 eventus
2339 1394 2359 1431 ,
2410 1344 2534 1413 sed
2570 1346 2707 1415 iam

481 1451 859 1544 praeteriit:
915 1456 1031 1516 aut
1069 1448 1444 1541 respiceres
1475 1457 1748 1539 tempus
1776 1445 1977 1531 illud,
2030 1469 2170 1537 quo
2201 1449 2505 1519 nondum
2540 1473 2704 1520 eve-

484 1564 707 1624 nerat:
763 1551 950 1644 quod
981 1560 1050 1619 te
1075 1552 1256 1621 nolle
1288 1553 1630 1643 respicere
1664 1551 2083 1642 sumpsimus.

1544 1757 1633 1826 11.

901 1909 1036 1980 De
1087 1907 1684 1980 coniunctim>
1722 1905 2285 2003 profuturo.

687 2060 1194 2155 Explicabimus
1228 2063 1450 2154 primo
1478 2062 1569 2130 de
1601 2061 2045 2131 coniunctivo.
2145 2061 2284 2147 Qui
2308 2061 2553 2132 modus
2580 2066 2705 2133 etsi

486 2165 674 2258 apud
709 2167 1195 2257 antiquissimos
1221 2168 1311 2235 ita
1339 2189 1472 2259 pro
1507 2166 1738 2234 futuro
1771 2173 2130 2258 usurpatus
2158 2174 2278 2252 est,
2329 2174 2424 2252 nt,
2477 2168 2533 2236 si
2555 2169 2702 2259 quis
2766 2160 2769 2163 ⁴

485 2268 673 2337 verbi
718 2269 966 2339 Graeci
1009 2259 1314 2338 naturam
1358 2270 1732 2339 accuratius
1767 2268 2143 2338 consideret
2157 2320 2178 2357 ,
2231 2267 2539 2339 dubitare
2568 2294 2706 2340 non

484 2373 726 2464 possit,
781 2373 942 2463 quin
968 2375 1159 2466 prior
1194 2374 1423 2441 futuro
1463 2373 1815 2460 exstiterit,
1866 2371 2076 2462 idque
2113 2394 2198 2439 ex
2234 2371 2387 2464 ipso
2429 2372 2705 2444 demum

486 2476 813 2567 originem
852 2478 1159 2545 traxerit:
1205 2485 1434 2544 tamen
1465 2484 1704 2544 natura
1745 2498 1868 2544 sua
1900 2475 2103 2543 valde
2129 2498 2172 2543 a
2211 2475 2441 2544 futuro
2476 2477 2703 2546 diver-

486 2601 594 2647 sus
623 2587 761 2664 est,
813 2602 1035 2669 neque
1075 2602 1284 2669 quum
1325 2601 1458 2670 pro
1495 2601 1580 2647 eo
1602 2580 1861 2672 positus
1900 2578 2182 2664 dicitur,
2233 2577 2308 2646 id
2342 2580 2437 2647 sic
2467 2589 2570 2649 est
2594 2583 2702 2649 in-

485 2681 956 2773 telligendum,
1010 2705 1091 2750 ac
1117 2684 1174 2751 si
1203 2681 1514 2750 eamdem
1530 2732 1552 2770 ,
1601 2705 1807 2773 quam
1833 2682 2169 2768 futurum,
2220 2682 2358 2750 vim
2385 2705 2467 2751 ac
2498 2693 2704 2776 pote-

486 2793 723 2852 statem
746 2784 1051 2860 haberet.
1150 2786 1598 2878 Repugnaret
1629 2785 1841 2872 enim,
1890 2783 1963 2851 in
1989 2785 2234 2872 modo,
2287 2786 2406 2876 qni
2436 2809 2571 2864 non
2601 2797 2705 2857 est

484 2887 873 2956 indicativus
889 2938 908 2974 ,
960 2886 1081 2956 sed
1121 2888 1478 2958 indicativo
1507 2889 1895 2982 opposituS,
1948 2886 2260 2956 eamdem
2288 2887 2426 2956 vim
2464 2890 2701 2978 inesse,

487 3013 662 3080 quae
697 2999 798 3058 est
840 2992 913 3058 in
953 2991 1314 3061 indicativo
1331 3044 1352 3081 ,
1413 2992 1746 3084 siquidem
1785 2992 2086 3059 futurum
2119 2999 2356 3083 aperte
2390 3000 2493 3061 est
2520 2992 2701 3061 indi-

488 3094 755 3163 cativus.
845 3093 1321 3164 Coniunctivus
1346 3096 1553 3189 igitur
1584 3118 1671 3164 eo
1701 3093 1932 3164 differt
1959 3095 2048 3163 ab
2083 3094 2442 3163 indicativo
2470 3095 2700 3184 futuri,

486 3195 674 3287 quod
701 3219 841 3266 non
880 3207 1106 3289 potest
1136 3221 1267 3289 per
1292 3221 1366 3267 se
1409 3200 1586 3268 solus
1618 3198 1937 3291 intelligi,
1990 3198 2149 3282 sed,
2197 3206 2274 3266 ιιι
2313 3198 2536 3290 ipsum
2573 3222 2701 3268 no-

485 3324 644 3368 men
680 3300 932 3368 indicat
945 3356 972 3390 ,
1040 3301 1312 3369 aliunde
1367 3302 1673 3394 pendere
1726 3300 1951 3369 debet,
2054 3301 2137 3369 ld
2186 3308 2414 3370 antem
2432 3352 2454 3389 ,
2518 3303 2701 3372 unde

484 3403 760 3496 pendet,
803 3426 1013 3494 quum
1038 3405 1444 3496 plerumque
1469 3405 1774 3474 additum
1803 3404 2191 3491 inveniatur,
2239 3413 2468 3474 tamen
2493 3429 2701 3527 saepe

487 3507 688 3575 etiam
735 3508 1088 3595 omittitur,
1143 3509 1302 3596 quia
1344 3531 1552 3602 saepe
1599 3510 1899 3601 positum
1934 3516 2039 3576 est
2077 3508 2148 3575 in
2177 3508 2470 3577 obscura
2504 3510 2701 3602 cogi-

485 3610 735 3679 tatione
779 3611 1073 3680 incertae
1116 3611 1389 3681 alicuius
1423 3634 1735 3702 caussae,
1789 3634 1873 3679 ex
1912 3633 2049 3701 qua
2078 3610 2242 3701 quid
2270 3611 2701 3704 proditurum

489 3714 588 3780 sit.
688 3714 893 3804 Isque
927 3723 1028 3783 est
1044 3736 1205 3783 usus
1239 3716 1644 3785 coniunctivi
1671 3714 2165 3800 deliberativas,
2214 3724 2290 3783 ut
2315 3737 2522 3805 quum
2550 3717 2700 3805 quis

490 3815 717 3884 dicit’'
679 3844 762 3889 ιω
779 3871 807 3905 ,
854 3817 1041 3907 quod
1085 3826 1216 3908 est,
1270 3818 1325 3887 si
1356 3821 1566 3940 plene
1603 3818 1829 3887 dicere
1858 3818 2157 3887 volemus
2176 3867 2198 3904 ,
2248 3813 2699 3915 ἄμφιςβητῶ,

485 3920 555 3992 εἰ
583 3920 685 3991 ἴω.
790 3920 974 4011 Apte
1003 3923 1377 4012 comparari
1400 3931 1627 4015 potest
1659 3922 1911 4013 duplex
1938 3920 2203 4006 modus,
2242 3941 2379 4011 qno
2411 3921 2484 3989 id
2516 3920 2700 3989 Ger-

488 4022 668 4089 mani
696 4022 1000 4111 dicimus,
1052 4024 1222 4092 alter
1258 4048 1414 4093 cum
1445 4026 1689 4095 eadem
1714 4025 1931 4117 ellipsi
1950 4074 1970 4111 ,
2023 4046 2158 4114 qua
2189 4021 2457 4112 Graeci,
2507 4024 2701 4118 gehe

489 4123 610 4192 ich
635 4174 656 4210 ,
713 4127 881 4197 alter
919 4136 1184 4196 servata
1226 4129 1589 4220 particula,
1645 4135 1714 4197 et
1751 4128 1964 4196 verbo
1988 4135 2247 4195 tantum
2271 4128 2553 4215 omisso,
2611 4126 2701 4197 ob

488 4226 609 4296 ich
637 4229 847 4321 gehe.
953 4230 1059 4298 Ac
1096 4232 1432 4301 veterrimi
1472 4232 1763 4321 Graeci,
1810 4229 2110 4299 nondum
2144 4240 2419 4321 reperto
2448 4230 2697 4317 futuro,

489 4331 804 4421 qnoniam
852 4331 1182 4424 quidquid
1228 4335 1527 4404 futurum
1568 4344 1671 4404 est
1687 4386 1707 4423 ,
1756 4334 2085 4403 incertum
2137 4342 2239 4402 est
2256 4386 2276 4421 ,
2329 4336 2697 4426 quaerique

491 4433 579 4502 de
635 4458 721 4504 eo
771 4446 976 4528 atque
1018 4437 1276 4531 ambigi
1324 4448 1552 4531 potest
1566 4491 1587 4528 ,
1651 4446 2130 4508 eventurumne
2176 4437 2260 4506 sit
2305 4461 2392 4506 an
2433 4461 2565 4507 non
2614 4437 2698 4506 sit
