3284 5159
549 435 639 499 os
1268 428 1382 490 οΕ
1424 394 1959 491 PARTlcVLA
2000 422 2097 492 ἂν

553 619 896 715 tiphonp.
927 616 1105 693 688.
1159 617 1316 709 (41.
1356 613 1431 715 ὃ.
1468 619 1543 693 2.
1594 618 1859 711 Bekk.)
1912 646 2047 692 τον
2095 612 2236 716 γοῖρ
2275 616 2601 714 ἄρξαντα
2647 615 2778 714 τῆς

554 723 857 820 πληγῆς,
911 724 974 794 εἰ
1018 722 1156 816 μὲν
1201 721 1388 817 λίθῳ
1422 721 1468 818 ἢ
1514 716 1695 817 ξύλῳ
1709 717 2127 843 ἠμυνάμην
2163 716 2429 806 αυτόν,
2482 716 2777 816 ἠδίκουν

552 829 692 919 μὲν
719 822 886 898 οὐδ’
905 823 1156 905 οὕτως·
1211 820 1300 898 οὗ
1324 851 1462 921 γαρ
1483 813 1748 909 ταύτά,
1786 819 1971 899 ἄλλοῖ
1998 822 2299 916 μείζονα
2329 822 2451 896 καὶ
2476 822 2777 895 πλείονα

558 928 825 1004 δίκαιοι
860 933 933 999 οι
958 926 1302 1024 ἄρχοντες
1337 920 1813 1017 α’ντιπασχειν
1844 927 2045 1000 εἰσίν.
2159 925 2268 996 Ne
2311 927 2423 997 sic
2461 926 2776 1019 quidem,

556 1032 622 1103 si
644 1054 805 1100 eum
831 1053 1018 1100 saxo
1051 1039 1182 1100 aut
1214 1029 1420 1122 ligno
1442 1030 2014 1123 percussissent,
2066 1029 2408 1099 iniustum
2444 1025 2779 1122 quidsu-

558 1134 855 1206 ciebam.
958 1135 1117 1202 Non
1155 1142 1384 1225 potest
1438 1133 1614 1208 enim
1662 1134 1922 1254 opponi
1966 1129 2127 1206 ἄλλ’
2172 1130 2482 1230 ἠδίκουν.
2582 1132 2781 1250 Idem

554 1264 626 1332 p.
655 1236 831 1309 634.
859 1260 913 1310 s.
971 1235 1130 1326 (18.
1158 1232 1232 1330 §.
1265 1234 1335 1304 9.
1372 1234 1635 1327 Bekk.)
1690 1264 1779 1316 ως
1812 1237 1888 1309 δὲ
1931 1231 2098 1308 ου’δὲ
2125 1231 2259 1309 τόν
2288 1235 2619 1308 κίνδυνον
2646 1229 2780 1306 οὐκ

559 1339 1102 1434 ἀσφαλέστερον
1131 1338 1268 1411 τοῦ
1299 1333 1448 1410 dno*
1469 1339 1596 1433 τῆς
1627 1339 1907 1462 γραφῆς
1936 1331 2259 1435 ηγούμην
2306 1334 2494 1410 εἶναι
2509 1391 2538 1426 ,
2594 1330 2781 1412 α’λλοῖ

559 1435 1149 1530 πολλαπλάσιον,
1205 1443 1274 1513 εἰ
1309 1467 1412 1537 μη
1456 1435 2015 1537 παρεφρόνουν,
2070 1436 2350 1525 διδάξω
2455 1441 2798 1532 Βεροιίιιι

561 1556 664 1616 est
702 1546 1008 1637 negatio,
1062 1544 1218 1633 quia
1255 1543 1551 1633 sequitur
1584 1538 1788 1616 α’λλοῖ.
1887 1542 2003 1613 Ad
2048 1537 2411 1640 ηγούμην,
2462 1565 2593 1633 pro
2641 1564 2781 1632 quo

561 1650 764 1719 etiam
807 1650 1106 1738 ἔμελλον
1138 1644 1476 1744 ηγεῐσθαι
1513 1647 1739 1714 dicere
1773 1657 2121 1738 potuerat,
2173 1670 2309 1715 non
2350 1646 2615 1714 addidit
2661 1671 2780 1734 αν,

562 1754 720 1842 quia
766 1773 902 1819 non
936 1757 1163 1841 potest
1193 1750 1453 1841 opponi
1479 1746 1640 1823 ἀλλ’
1684 1745 1819 1839 οὐχ
1866 1744 2208 1847 ἡγούμην.
2314 1750 2550 1842 Quum
2602 1749 2784 1816 enim

560 1864 768 1947 neget
796 1877 869 1921 se
898 1852 1179 1920 caedem
1205 1852 1475 1938 fecisse,
1526 1876 1664 1921 non
1698 1853 2221 1944 potuitsomnino
2260 1852 2607 1944 praeferre
2647 1873 2793 1943 pe»-

560 1959 880 2039 ticulum,
935 1955 1119 2046 quod
1163 1955 1538 2024 occidendo
1574 1956 1840 2024 inimico
1887 1955 2308 2025 subeundum
2349 1966 2527 2043 erat,
2578 1957 2650 2023 in
2678 1953 2783 2021 ius

560 2061 930 2145 vocationi,
980 2060 1188 2126 immo
1234 2082 1320 2126 ne
1368 2061 1687 2151 cogitavit
1731 2059 2004 2149 quidem
2055 2059 2145 2126 de
2189 2081 2269 2125 ea
2302 2081 2394 2126 re.
2504 2056 2788 2149 Operae

560 2166 857 2258 pretium
912 2171 1047 2247 est,
1118 2161 1230 2228 hic
1296 2161 1720 2230 considerare
1785 2161 2089 2230 eiusdem
2154 2144 2494 2251 scriptoris
2554 2161 2787 2228 locum

563 2293 645 2364 p
671 2265 840 2336 718.
898 2260 1057 2353 (57.
1091 2259 1161 2358 ξ.
1199 2262 1357 2354 28.)
1412 2261 1581 2338 ἀλλ’
1620 2293 1711 2345 ως
1738 2258 2262 2360 κατεποντώθη
2295 2267 2649 2355 λέγουσιν.
2704 2267 2784 2337 ἐν

563 2368 712 2443 τίνι
753 2365 1023 2461 πλοίοις
1076 2368 1293 2461 δῆλον
1336 2394 1475 2460 γαρ
1518 2364 1637 2440 ὅτι
1684 2373 1754 2449 ἐξ
1799 2364 2034 2440 αὐτοῦ
2062 2367 2198 2439 τοῦ
2241 2368 2528 2458 λιμένος
2570 2361 2655 2460 ἤν
2691 2393 2779 2437 το

564 2477 841 2546 πλοῖον.
893 2470 1039 2549 πῶς
1072 2468 1162 2541 ἄν
1199 2464 1328 2542 οὖν
1359 2465 1488 2541 οὐκ
1533 2470 1905 2566 ἑξευρέθης
1957 2472 2176 2539 Recte
2219 2470 2439 2537 omisit
2475 2469 2784 2561 particu-

564 2575 757 2645 lam
739 2598 806 2641 m
837 2572 964 2660 his,
1019 2571 1237 2660 δῆλον
1260 2564 1400 2667 γοῖρ
1449 2570 1567 2645 ὅτι
1629 2578 1701 2662 ἐξ
1743 2569 1980 2646 αὐτοῦ
2027 2573 2168 2646 τοῦ
2213 2574 2500 2664 λιμένος
2523 2567 2628 2668 ἦν
2691 2598 2781 2643 το

566 2681 843 2750 πλοῖον.
946 2676 1125 2743 Nam
1158 2676 1213 2742 si
1240 2675 1572 2766 posuisset
1603 2673 1731 2764 ἄν,
1787 2675 2068 2744 deberet
2100 2676 2356 2768 opponi
2398 2697 2645 2768 posse,
2700 2682 2786 2746 at

564 2778 875 2873 nonfuit
905 2801 996 2847 ex
1024 2778 1182 2871 ipso
1215 2777 1342 2846 illo
1371 2787 1620 2870 portu.
1727 2778 1812 2846 Id
1848 2778 2037 2869 quod
2079 2801 2215 2846 non
2244 2787 2473 2876 potest
2499 2771 2782 2870 opponi.

436 2949 443 2954 .
567 2885 798 2970 Quare
826 2883 892 2950 in
925 2881 1310 2949 huiusmodi
1341 2882 1504 2949 locis
1539 2890 1726 2950 recte
1768 2882 1863 2954 sic
1895 2891 2113 2951 vertas
2140 2882 2423 2950 verbum
2449 2883 2590 2949 sine
2617 2904 2785 2973 par-

565 2988 803 3055 ticula:
858 2983 1105 3054 debuit
1138 3007 1296 3054 esse
1324 3007 1417 3054 ex
1443 2985 1570 3053 illo
1607 2982 1849 3077 porta.
1955 2985 2099 3053 Sed
2131 2984 2317 3074 quod
2348 2986 2570 3053 statim
2597 2984 2787 3052 addit

569 3113 723 3157 cum
751 3089 1117 3180 particula,
1171 3087 1421 3157 licebat
1464 3089 1666 3156 etiam
1706 3089 1846 3156 sine
1883 3087 2214 3179 particula
2252 3088 2415 3155 dici:
2469 3087 2615 3168 nuic
2654 3081 2786 3159 οὖν

569 3188 700 3266 οὐκ
733 3193 1072 3286 ἐξευρέθη
1091 3216 1119 3280 ,·
1171 3190 1300 3258 alio
1338 3200 1561 3258 tamen
1592 3213 1810 3261 sensu.
1915 3190 2343 3282 Significaret
2386 3190 2602 3277 enim,
2651 3210 2788 3257 eur

566 3317 710 3364 non
753 3302 863 3363 est
897 3288 1283 3362 inventus?
1332 3293 1835 3363 Additaautem
1863 3294 2191 3384 particula
2235 3293 2433 3379 dicit,
2489 3315 2786 3384 quomo-

572 3398 672 3466 do
705 3420 851 3465 non
892 3405 1081 3466 esset
1110 3392 1493 3465 inventus?
1542 3394 1750 3464 Vides
1791 3406 1975 3464 recte
2020 3396 2312 3487 opponi,
2368 3405 2452 3464 at
2491 3419 2636 3465 non
2676 3403 2787 3465 est

568 3501 915 3570 inventus.
1018 3501 1197 3567 Nam
1225 3498 1663 3591 interrogatio
1692 3500 1828 3567 vim
1870 3498 2080 3567 habet
2116 3499 2520 3591 negationis,
2569 3508 2682 3586 ut,
2734 3498 2789 3566 si

438 3662 442 3666 .
569 3605 708 3673 sine
739 3602 1260 3694 interrogatione
1298 3603 1625 3694 proferas,
1672 3601 2033 3670 dicendum
2072 3602 2187 3687 sit,
2238 3623 2383 3670 non
2429 3611 2621 3671 esset
2644 3624 2790 3670 non

569 3707 915 3777 inventus.
1016 3705 1172 3773 Alia
1210 3706 1380 3773 ratio
1428 3715 1530 3773 est
1577 3704 1778 3772 huius
1821 3705 1953 3772 loci
1999 3727 2114 3795 ap.
2156 3704 2736 3773 Demosthenem
2718 3727 2791 3771 ιιι

568 3810 744 3882 Mid.
793 3833 871 3929 p.
909 3803 1082 3894 569,
1139 3807 1241 3877 27
1308 3805 1427 3880 ὅτι
1480 3806 1729 3878 τοίνυν
1776 3806 1897 3878 καὶ
1949 3799 2375 3901 κεκόμισται
2424 3802 2786 3902 χάριν,ω
2732 3802 2791 3878 ὦ

572 3910 825 4006 ἄνδρες
853 3908 1289 4009 Αθηναῖοι,
1342 3906 1524 4001 παρ’
1566 3936 1809 3996 υμων,
1868 3906 1954 3981 οὐ
1989 3902 2222 4002 μόνον
2271 3937 2367 3981 ων
2405 3904 2630 3989 αὐτός
2670 3917 2791 3983 λι·-

571 4007 1032 4109 λειτούργηκε
1062 4012 1527 4106 λειτουργιων
1565 4007 1810 4095 οἷξίαν,
1865 4004 2126 4108 (μικροὶ
2153 4039 2289 4103 γαρ
2330 4010 2519 4107 αὕτη
2566 4015 2653 4104 γέ
2686 4037 2792 4091 τις

573 4112 692 4210 ἦν)
747 4110 931 4187 ἄλλα
958 4115 1078 4185 καὶ
1113 4142 1258 4186 των
1286 4114 1670 4206 μεγίστων,
1723 4114 1841 4185 καὶ
1881 4113 2102 4186 τοῦτο
2140 4112 2510 4206 βούλομαι
2544 4117 2790 4196 δεῖξαι
2880 4157 2885 4162 ·

564 4216 963 4287 Reiskius
913 4244 1006 4286 αν
1030 4223 1187 4312 post
1210 4243 1359 4304 τις,
1415 4216 1856 4306 Spalding-ius
1889 4214 2117 4306 p.-87.
2175 4215 2366 4306 (93.)
2419 4225 2574 4285 ante
2606 4213 2792 4312 αὕτη
2845 4301 2848 4310 .

434 4381 445 4390 ,
510 4349 523 4376 s
567 4319 995 4389 inserendum
1037 4318 1337 4410 putabat.
1437 4319 1589 4385 Erit
1650 4341 1810 4385 sane
1865 4317 2221 4409 addenda,
2257 4321 2348 4387 «εἰ
2399 4321 2795 4414 oppositum

570 4446 717 4492 esse
746 4423 1055 4491 volumus
1075 4470 1094 4505 ‚
1141 4430 1236 4491 at.
1257 4421 1544 4514 aceepit
1579 4421 1771 4490 iusto
1799 4421 2155 4490 maiorem
2202 4423 2567 4514 gratiam.
2634 4424 2797 4490 Non
