3284 5159
693 422 820 484 164
1374 417 1491 478 DE
1541 411 2235 482 PARTICVLA·aev

695 608 809 698 qui
866 607 1164 694 iuberet,
1232 629 1371 675 non
1419 606 1644 697 potuit
1690 630 1826 675 non
1892 608 2267 704 optativum
2317 629 2598 700 ponere.
2649 607 2911 694 Quod

694 710 945 779 ibidem
976 708 1178 778 affert
1205 709 1614 778 Schaeferus
1647 731 1732 778 ex
1757 709 1945 782 Iliad.
1975 713 2038 785 δ.
2072 710 2193 782 93.
2230 738 2294 811 η.
2325 709 2447 779 48.

900 860 948 961 ἤ
977 856 1076 961 ρόί
1105 858 1193 937 νύ
1215 862 1352 958 μοι’
1377 891 1456 937 τι
1481 860 1789 936 πίθοιο·
1761 919 1787 956 ,

694 1042 830 1089 ιιοιι
869 1027 1002 1105 est,
1052 1025 1129 1086 ut
1166 1019 1314 1110 ipse
1353 1015 1729 1086 existimare
1761 1015 2057 1101 videtur,
2110 1015 2367 1085 dictum
2405 1019 2688 1102 omissa,
2739 1038 2915 1107 quae

696 1121 1008 1192 addenda
1057 1121 1290 1188 fuisset
1307 1171 1327 1205 ‚
1378 1120 1747 1211 particula,
1799 1119 1921 1188 sed
1965 1120 2121 1208 quia
2179 1121 2474 1196 conditio
2523 1121 2745 1189 abest:
2793 1143 2915 1189 ve-

697 1226 880 1296 lisne
921 1224 1098 1292 mihi
1135 1219 1486 1293 obedire?
1535 1225 1715 1292 Nam
1748 1223 1864 1291 ubi
1908 1223 2078 1290 inest
2117 1223 2445 1310 conditio,
2500 1222 2592 1295 ἂν
2639 1231 2741 1292 est
2788 1223 2914 1291 ad-

694 1328 1050 1398 iiciendum
1069 1376 1090 1413 ,
1142 1335 1218 1394 ut
1265 1327 1333 1393 in
1373 1348 1457 1396 eo
1502 1348 1739 1413 versu,
1790 1326 1907 1415 qui
1951 1326 2023 1393 in
2064 1327 2295 1417 priore
2338 1329 2493 1395 loco
2537 1328 2758 1395 statim
2780 1351 2914 1396 se-

699 1433 955 1524 ‘initur’

903 1582 1150 1681 τλαίης
1176 1611 1295 1656 κεν
1322 1578 1681 1679 Μενελάῳ
1709 1582 2146 1680 ἐπιπροέμεν
2176 1609 2408 1673 ταχυν
2440 1575 2595 1655 ἰόν·
2566 1638 2591 1676 ,

698 1743 965 1832 Nempe
996 1737 1063 1808 εἰ
1091 1735 1250 1828 quis
1279 1742 1349 1805 te
1374 1746 1614 1829 roget.
1683 1735 1894 1827 Apud
1922 1736 2276 1806 Platonem
2261 1736 2604 1862 οψΕιιιΙιγᾱ.
2631 1761 2704 1862 Ρ.
2740 1735 2913 1821 292.

697 1845 781 1913 Ε.
828 1843 981 1911 libri
1013 1861 1378 1909 consensu.
1432 1867 1548 1911 και
1586 1836 1767 1932 ὅπερ
1806 1840 2099 1932 ἔλεγον,
2154 1838 2291 1910 τοῦ
2325 1841 2487 1911 ἱσου
2524 1838 2699 1936 ημῖν
2730 1843 2924 1914 ἐνδεῖ

674 1945 746 2042 ,ἢ
779 1947 892 2019 ἔτι
923 1945 1251 2021 πλέονος
1240 1967 1440 2036 προς
1470 1969 1557 2014 το
1597 1944 1869 2014 εἶ’δεναι
1893 1941 2005 2020 τίς
2044 1937 2219 2013 ποτ’
2251 1941 2448 2014 ἐστιν
2483 1970 2524 2037 η
2556 1936 2916 2041 ἐπιστήμη

700 2048 973 2143 ἐκείνη,
1030 2044 1076 2139 ἢ
1123 2042 1334 2163 ημᾶς.
1354 2041 1790 2133 ευδαίμονας
1818 2037 2204 2137 ποιήσειεν.
2313 2044 2658 2113 Sentiebat
2683 2046 2940 2115 vitium.

698 2149 1132 2219 Heindorfius
1152 2196 1173 2232 ‚
1223 2146 1340 2235 qui
1390 2139 1677 2241 ποιήσει
1732 2146 2052 2237 scriptum
2097 2147 2424 2222 malebat.
2477 2149 2779 2240 suppleri
2811 2158 2918 2217 ta-

698 2277 857 2323 men
891 2251 982 2319 ad
1024 2250 1398 2341 optativum
1425 2248 1517 2321 ἄν
1544 2271 1751 2340 posse
1777 2258 1993 2319 ratus:
2045 2250 2116 2316 in
2145 2273 2284 2340 quo
2317 2250 2583 2319 fallitur.
2692 2248 2918 2343 Opta-

700 2358 869 2426 tivus
900 2353 1180 2444 quidem
1210 2360 1393 2420 recte
1435 2375 1509 2419 se
1542 2351 1788 2438 habet,
1842 2351 1967 2420 sed
1993 2359 2066 2419 ut
2108 2353 2190 2420 sit
2219 2354 2533 2421 orationis
2577 2355 2916 2444 obliquae,

701 2481 909 2551 quam
937 2458 1031 2525 sic
1064 2456 1374 2523 restitue.
1428 2452 1549 2525 και
1600 2451 1780 2547 ὅπερ
1822 2455 2065 2546 ἔλεγον
2095 2456 2235 2527 τοῦ
2265 2458 2424 2527 ἴσου
2458 2454 2632 2552 ημῖν
2663 2460 2916 2554 ἐνδεῖν,

703 2558 1194 2632 constructione
1262 2556 1376 2626 illa
1390 2609 1411 2646 ,
1487 2556 1576 2626 de
1640 2579 1777 2646 qua
1838 2557 2094 2625 dictum
2157 2558 2248 2626 ad
2316 2559 2546 2653 Viget.
2599 2584 2672 2654 Ρ.
2743 2557 2913 2631 Ί45.

702 2659 1081 2734 751.894.

1753 2865 1867 2934 vl.

839 3018 972 3088 De
1016 3019 1437 3110 optativo
1489 3028 1827 3088 rectae
1880 3018 2347 3091 orationis
2402 3041 2596 3089 cum
2648 3017 2777 3092 ἄν.
2846 3103 2854 3116 ἱ

908 3173 1050 3239 lam
1095 3171 1388 3261 denique
1434 3171 1794 3241 dicendum
1848 3183 1951 3243 est
1999 3175 2087 3243 de
2133 3176 2409 3266 optativi
2450 3197 2576 3243 usu
2630 3197 2751 3263 eo,
2803 3174 2918 3264 qui

705 3275 984 3366 adiungi
1008 3275 1306 3364 postulat
1334 3276 1734 3366 particulam
1767 3274 1879 3349 ἄν.
1962 3279 2190 3367 Atque
2218 3300 2302 3345 ex
2327 3278 2428 3364 iis,
2482 3300 2656 3367 quae
2680 3276 2916 3346 hacte-

706 3402 828 3447 nus
863 3377 1043 3444 dicta
1071 3385 1242 3462 sunt,
1295 3379 1448 3445 satis
1472 3378 1754 3469 planum
1778 3403 1922 3448 esse
1948 3390 2285 3471 putamus5
2344 3382 2697 3474 propriam
2723 3380 2915 3448 huius

707 3478 1204 3550 constructionis
1236 3480 1373 3547 vim
1401 3503 1546 3548 esse
1574 3476 1772 3569 eam‚'
1798 3491 1873 3550 ut
1899 3483 2127 3575 opinio
2154 3506 2328 3550 cum·
2338 3483 2720 3552 conditione
2752 3506 2915 3550 con-

705 3586 929 3653 iuncta
975 3582 1407 3674 significetur.
1513 3584 1641 3652 Vix
1701 3586 1912 3654 ullum
1971 3586 2131 3655 huic
2178 3588 2418 3656 rationi
2474 3585 2917 3654 declarandae

706 3687 925 3780 aptius
965 3684 1352 3777 θιιθιιιΡΙιιιιι
1382 3685 1658 3768 inveniri
1682 3689 1963 3781 poterit,
2018 3712 2223 3781 quam
2273 3689 2441 3759 illud
2478 3689 2804 3780 Aeschyli
2848 3690 2917 3756 in

915 3935 1116 4021 ἐντός
1148 3937 1224 4014 δ’
1251 3940 1342 4012 ἄν
1374 3938 1558 4014 οὖσα
1591 3942 1974 4069 μορσίμων
2003 3938 2520 4041 α’γρευματων,

910 4038 1198 4117 πείθοι
1228 4041 1362 4133 ἄν,
1417 4046 1488 4117 εἰ
1508 4041 1829 4118 πείθοι’·
1886 4042 2372 4141 dneaaoc'qco'
2402 4049 2586 4128 ἴσως

670 4168 671 4171 ¹
707 4181 1105 4252 Dubitanter
1130 4181 1309 4249 enim
1332 4179 1587 4249 dictum
1614 4176 1901 4254 πείθοι’
1929 4209 2021 4254 αν
2032 4234 2061 4272 ,
2116 4185 2274 4274 quia
2298 4206 2384 4253 ex
2411 4207 2494 4253 eo
2519 4183 2796 4276 pendet,
2845 4192 2920 4252 ut

708 4287 980 4378 placeat
1026 4280 1443 4352 Cassandrae
1492 4282 1806 4353 obedire:
1858 4284 1999 4353 sine
2031 4287 2416 4357 conditione
2447 4297 2676 4356 autem
2700 4282 2919 4359 oe'mt-
2947 4291 2958 4299 ”

712 4384 943 4484 θοίης,
994 4385 1279 4477 quodid
1307 4393 1501 4478 putat
1526 4385 1827 4455 futurum
1859 4411 2005 4457 esse
2042 4387 2311 4463 chorus,
2397 4391 2553 4484 Alia
2584 4388 2919 4482 quaedam
