<?xml version="1.0" encoding="UTF-8"?>
<!DOCTYPE html PUBLIC "-//W3C//DTD XHTML 1.0 Transitional//EN"
    "http://www.w3.org/TR/xhtml1/DTD/xhtml1-transitional.dtd">
<html xmlns="http://www.w3.org/1999/xhtml" xml:lang="en" lang="en">
 <head>
  <title>
</title>
<meta http-equiv="Content-Type" content="text/html;charset=utf-8" />
  <meta name='ocr-system' content='tesseract 3.04.00' />
  <meta name='ocr-capabilities' content='ocr_page ocr_carea ocr_par ocr_line ocrx_word'/>
</head>
<body>
  <div class='ocr_page' id='page_1' title='image "./departicuvlaanl00hermgoog_0113.png"; bbox 0 0 3284 5159; ppageno 0'>
   <div class='ocr_carea' id='block_1_1' title="bbox 1213 438 2666 508">
    <p class='ocr_par' dir='ltr' id='par_1_1' title="bbox 1213 438 2666 508">
     <span class='ocr_line' id='line_1_1' title="bbox 1213 438 2666 508; baseline 0.006 -10"><span class='ocrx_word' id='word_1_1' title='bbox 1213 440 1378 502; x_wconf 88' lang='lat' dir='ltr'><strong>LIB.</strong></span> <span class='ocrx_word' id='word_1_2' title='bbox 1416 441 1501 502; x_wconf 85' lang='grc' dir='ltr'>-ΙΙ,</span> <span class='ocrx_word' id='word_1_3' title='bbox 1594 438 1791 499; x_wconf 80' lang='lat' dir='ltr'><strong>cAP.</strong></span> <span class='ocrx_word' id='word_1_4' title='bbox 1832 442 1893 504; x_wconf 68' lang='lat'><strong>7.</strong></span> <span class='ocrx_word' id='word_1_5' title='bbox 2545 445 2666 508; x_wconf 73' lang='lat'><strong>101</strong></span> 
     </span>
    </p>
   </div>
   <div class='ocr_carea' id='block_1_2' title="bbox 459 619 1298 721">
    <p class='ocr_par' dir='ltr' id='par_1_2' title="bbox 459 619 1298 721">
     <span class='ocr_line' id='line_1_2' title="bbox 459 619 1298 721; baseline 0.005 -27"><span class='ocrx_word' id='word_1_6' title='bbox 459 625 557 694; x_wconf 81' lang='lat' dir='ltr'><strong>Et</strong></span> <span class='ocrx_word' id='word_1_7' title='bbox 585 649 648 694; x_wconf 77' lang='lat' dir='ltr'><strong>v·</strong></span> <span class='ocrx_word' id='word_1_8' title='bbox 678 619 852 693; x_wconf 76' lang='lat'><strong>8⁰5.</strong></span> <span class='ocrx_word' id='word_1_9' title='bbox 888 625 976 695; x_wconf 89' lang='lat' dir='ltr'><strong>de</strong></span> <span class='ocrx_word' id='word_1_10' title='bbox 998 629 1298 721; x_wconf 85' lang='lat' dir='ltr'><strong>populo:</strong></span> 
     </span>
    </p>
   </div>
   <div class='ocr_carea' id='block_1_3' title="bbox 673 773 2671 879">
    <p class='ocr_par' dir='ltr' id='par_1_3' title="bbox 673 773 2671 879">
     <span class='ocr_line' id='line_1_3' title="bbox 673 773 2671 879; baseline 0.003 -29"><span class='ocrx_word' id='word_1_11' title='bbox 673 781 742 851; x_wconf 78' lang='grc' dir='ltr'><strong><em>εἰ</em></strong></span> <span class='ocrx_word' id='word_1_12' title='bbox 802 780 886 851; x_wconf 80' lang='grc' dir='ltr'><strong>δέ</strong></span> <span class='ocrx_word' id='word_1_13' title='bbox 951 776 1124 852; x_wconf 86' lang='grc' dir='ltr'><strong><em>ποτ’</em></strong></span> <span class='ocrx_word' id='word_1_14' title='bbox 1180 784 1274 860; x_wconf 85' lang='grc' dir='ltr'><strong><em>εἰς</em></strong></span> <span class='ocrx_word' id='word_1_15' title='bbox 1337 775 1564 876; x_wconf 77' lang='grc' dir='ltr'><strong><em>α’γρόν</em></strong></span> <span class='ocrx_word' id='word_1_16' title='bbox 1631 777 1844 860; x_wconf 80' lang='grc' dir='ltr'><strong><em>οὗτος</em></strong></span> <span class='ocrx_word' id='word_1_17' title='bbox 1912 773 2251 851; x_wconf 82' lang='grc' dir='ltr'><strong><em>α’πελθων</em></strong></span> <span class='ocrx_word' id='word_1_18' title='bbox 2317 784 2671 879; x_wconf 76' lang='grc' dir='ltr'><strong><em>εἰρηναῖος</em></strong></span> 
     </span>
    </p>
   </div>
   <div class='ocr_carea' id='block_1_4' title="bbox 1712 882 2098 978">
    <p class='ocr_par' dir='ltr' id='par_1_4' title="bbox 1712 882 2098 978">
     <span class='ocr_line' id='line_1_4' title="bbox 1712 882 2098 978; baseline -0.005 -23"><span class='ocrx_word' id='word_1_19' title='bbox 1712 882 2061 978; x_wconf 80' lang='grc' dir='ltr'><strong><em>διατρίψῃ</em></strong></span> <span class='ocrx_word' id='word_1_20' title='bbox 2078 932 2098 967; x_wconf 86' lang='lat'><strong>,</strong></span> 
     </span>
    </p>
   </div>
   <div class='ocr_carea' id='block_1_5' title="bbox 669 979 2672 1387">
    <p class='ocr_par' dir='ltr' id='par_1_5' title="bbox 672 979 2672 1180">
     <span class='ocr_line' id='line_1_5' title="bbox 672 979 2672 1107; baseline 0.003 -53"><span class='ocrx_word' id='word_1_21' title='bbox 672 981 790 1054; x_wconf 77' lang='grc' dir='ltr'><strong><em>καὶ</em></strong></span> <span class='ocrx_word' id='word_1_22' title='bbox 840 985 1052 1078; x_wconf 79' lang='grc' dir='ltr'><strong><em>χῖδρα</em></strong></span> <span class='ocrx_word' id='word_1_23' title='bbox 1107 1012 1359 1079; x_wconf 79' lang='grc' dir='ltr'><strong><em>φαγων</em></strong></span> <span class='ocrx_word' id='word_1_24' title='bbox 1412 979 1916 1107; x_wconf 63' lang='grc' dir='ltr'><strong><em>α’ναθαρρᾔῃ,</em></strong></span> <span class='ocrx_word' id='word_1_25' title='bbox 1969 985 2090 1055; x_wconf 83' lang='grc' dir='ltr'><strong><em>καὶ</em></strong></span> <span class='ocrx_word' id='word_1_26' title='bbox 2143 980 2527 1081; x_wconf 73' lang='grc' dir='ltr'><strong><em>στεμφύλῳ</em></strong></span> <span class='ocrx_word' id='word_1_27' title='bbox 2575 991 2672 1066; x_wconf 82' lang='grc' dir='ltr'><strong><em>εἰς</em></strong></span> 
     </span>
     <span class='ocr_line' id='line_1_6' title="bbox 1704 1088 2194 1183; baseline -0.002 -24"><span class='ocrx_word' id='word_1_28' title='bbox 1704 1094 1920 1180; x_wconf 79' lang='grc' dir='ltr'><strong><em>λογον</em></strong></span> <span class='ocrx_word' id='word_1_29' title='bbox 1971 1088 2194 1183; x_wconf 78' lang='grc' dir='ltr'><strong><em>ἔλθῃ,</em></strong></span> 
     </span>
    </p>

    <p class='ocr_par' dir='ltr' id='par_1_6' title="bbox 669 1179 2670 1387">
     <span class='ocr_line' id='line_1_7' title="bbox 669 1179 2670 1286; baseline 0 -26"><span class='ocrx_word' id='word_1_30' title='bbox 669 1179 1021 1278; x_wconf 73' lang='grc' dir='ltr'><strong><em>γνώσεται</em></strong></span> <span class='ocrx_word' id='word_1_31' title='bbox 1069 1193 1238 1259; x_wconf 82' lang='grc' dir='ltr'><strong><em>οἴων</em></strong></span> <span class='ocrx_word' id='word_1_32' title='bbox 1290 1181 1590 1280; x_wconf 78' lang='grc' dir='ltr'><strong><em>α’γαθων</em></strong></span> <span class='ocrx_word' id='word_1_33' title='bbox 1640 1183 1867 1263; x_wconf 80' lang='grc' dir='ltr'><strong><em>αὐτόν</em></strong></span> <span class='ocrx_word' id='word_1_34' title='bbox 1918 1189 2011 1284; x_wconf 82' lang='grc' dir='ltr'><strong><em>τῇ</em></strong></span> <span class='ocrx_word' id='word_1_35' title='bbox 2043 1191 2483 1286; x_wconf 71' lang='grc' dir='ltr'><strong><em>μισθοφορᾷ</em></strong></span> <span class='ocrx_word' id='word_1_36' title='bbox 2520 1217 2670 1261; x_wconf 92' lang='grc' dir='ltr'><strong><em>πα-</em></strong></span> 
     </span>
     <span class='ocr_line' id='line_1_8' title="bbox 1706 1286 2084 1387; baseline 0.003 -24"><span class='ocrx_word' id='word_1_37' title='bbox 1706 1286 2084 1387; x_wconf 82' lang='grc' dir='ltr'><strong><em>ρεκόπτου</em></strong></span> 
     </span>
    </p>
   </div>
   <div class='ocr_carea' id='block_1_6' title="bbox 465 1437 2676 2022">
    <p class='ocr_par' dir='ltr' id='par_1_7' title="bbox 465 1437 2676 2022">
     <span class='ocr_line' id='line_1_9' title="bbox 467 1437 2671 1534; baseline 0.003 -26"><span class='ocrx_word' id='word_1_38' title='bbox 467 1439 585 1508; x_wconf 89' lang='lat' dir='ltr'><strong>Sic</strong></span> <span class='ocrx_word' id='word_1_39' title='bbox 605 1437 757 1505; x_wconf 85' lang='lat' dir='ltr'>libri</span> <span class='ocrx_word' id='word_1_40' title='bbox 785 1447 1056 1529; x_wconf 79' lang='lat' dir='ltr'><strong>praeter</strong></span> <span class='ocrx_word' id='word_1_41' title='bbox 1092 1438 1416 1507; x_wconf 86' lang='lat' dir='ltr'><strong>Brunckii</strong></span> <span class='ocrx_word' id='word_1_42' title='bbox 1447 1441 1891 1529; x_wconf 77' lang='lat' dir='ltr'><strong>membranas,</strong></span> <span class='ocrx_word' id='word_1_43' title='bbox 1942 1444 2008 1510; x_wconf 87' lang='lat' dir='ltr'><strong>in</strong></span> <span class='ocrx_word' id='word_1_44' title='bbox 2041 1445 2282 1534; x_wconf 87' lang='lat' dir='ltr'><strong>quibus</strong></span> <span class='ocrx_word' id='word_1_45' title='bbox 2314 1452 2415 1512; x_wconf 86' lang='lat' dir='ltr'><strong>est</strong></span> <span class='ocrx_word' id='word_1_46' title='bbox 2434 1444 2641 1516; x_wconf 79' lang='grc' dir='ltr'><strong><em>ἔλθοι</em></strong></span> <span class='ocrx_word' id='word_1_47' title='bbox 2645 1497 2671 1530; x_wconf 86' lang='lat'><em>,</em></span> 
     </span>
     <span class='ocr_line' id='line_1_10' title="bbox 465 1540 2676 1643; baseline 0.002 -36"><span class='ocrx_word' id='word_1_48' title='bbox 465 1540 656 1631; x_wconf 89' lang='lat' dir='ltr'><strong>quod</strong></span> <span class='ocrx_word' id='word_1_49' title='bbox 674 1541 787 1609; x_wconf 91' lang='lat' dir='ltr'><strong>ille</strong></span> <span class='ocrx_word' id='word_1_50' title='bbox 812 1541 1094 1631; x_wconf 87' lang='lat' dir='ltr'><strong>recepit,</strong></span> <span class='ocrx_word' id='word_1_51' title='bbox 1124 1543 1523 1632; x_wconf 83' lang='lat' dir='ltr'><strong>scripsitque</strong></span> <span class='ocrx_word' id='word_1_52' title='bbox 1538 1544 1910 1639; x_wconf 77' lang='grc' dir='ltr'><strong><em>διατρίψει</em></strong></span> <span class='ocrx_word' id='word_1_53' title='bbox 1925 1554 1994 1613; x_wconf 87' lang='lat' dir='ltr'><strong>et</strong></span> <span class='ocrx_word' id='word_1_54' title='bbox 2009 1540 2531 1643; x_wconf 78' lang='grc' dir='ltr'><strong><em>α’ναθαρῤήσει.</em></strong></span> <span class='ocrx_word' id='word_1_55' title='bbox 2582 1546 2676 1614; x_wconf 89' lang='lat' dir='ltr'><strong>At</strong></span> 
     </span>
     <span class='ocr_line' id='line_1_11' title="bbox 465 1644 2675 1739; baseline 0.001 -28"><span class='ocrx_word' id='word_1_56' title='bbox 465 1653 653 1712; x_wconf 86' lang='lat' dir='ltr'><strong>recte</strong></span> <span class='ocrx_word' id='word_1_57' title='bbox 688 1667 761 1712; x_wconf 86' lang='lat' dir='ltr'><strong>se</strong></span> <span class='ocrx_word' id='word_1_58' title='bbox 789 1644 1084 1711; x_wconf 77' lang='lat' dir='ltr'><strong>habebat</strong></span> <span class='ocrx_word' id='word_1_59' title='bbox 1115 1646 1410 1735; x_wconf 81' lang='lat' dir='ltr'><strong>vulgata.</strong></span> <span class='ocrx_word' id='word_1_60' title='bbox 1515 1647 1692 1714; x_wconf 76' lang='lat' dir='ltr'><strong>Nam</strong></span> <span class='ocrx_word' id='word_1_61' title='bbox 1717 1646 1853 1715; x_wconf 89' lang='lat' dir='ltr'><strong>hoc</strong></span> <span class='ocrx_word' id='word_1_62' title='bbox 1885 1647 2063 1731; x_wconf 80' lang='lat' dir='ltr'><strong>dicit,</strong></span> <span class='ocrx_word' id='word_1_63' title='bbox 2115 1650 2199 1736; x_wconf 78' lang='grc' dir='ltr'><strong>εἰ,</strong></span> <span class='ocrx_word' id='word_1_64' title='bbox 2243 1648 2429 1739; x_wconf 85' lang='lat' dir='ltr'><strong>quod</strong></span> <span class='ocrx_word' id='word_1_65' title='bbox 2455 1648 2675 1739; x_wconf 86' lang='lat' dir='ltr'><strong>optari</strong></span> 
     </span>
     <span class='ocr_line' id='line_1_12' title="bbox 466 1747 2674 1845; baseline 0.003 -32"><span class='ocrx_word' id='word_1_66' title='bbox 466 1747 680 1838; x_wconf 78' lang='lat' dir='ltr'><strong>magis</strong></span> <span class='ocrx_word' id='word_1_67' title='bbox 714 1769 915 1835; x_wconf 80' lang='lat' dir='ltr'><strong>quam</strong></span> <span class='ocrx_word' id='word_1_68' title='bbox 947 1749 1201 1838; x_wconf 81' lang='lat' dir='ltr'><strong>sperari</strong></span> <span class='ocrx_word' id='word_1_69' title='bbox 1230 1756 1476 1837; x_wconf 81' lang='lat' dir='ltr'><strong>potest,</strong></span> <span class='ocrx_word' id='word_1_70' title='bbox 1522 1749 1741 1840; x_wconf 80' lang='lat' dir='ltr'><strong>pacis</strong></span> <span class='ocrx_word' id='word_1_71' title='bbox 1778 1749 2191 1820; x_wconf 75' lang='lat' dir='ltr'><strong>muneribus</strong></span> <span class='ocrx_word' id='word_1_72' title='bbox 2203 1751 2379 1845; x_wconf 77' lang='lat' dir='ltr'><strong>frui</strong></span> <span class='ocrx_word' id='word_1_73' title='bbox 2398 1751 2674 1843; x_wconf 76' lang='lat' dir='ltr'><em>populo</em></span> 
     </span>
     <span class='ocr_line' id='line_1_13' title="bbox 469 1849 2673 1948; baseline 0.002 -30"><span class='ocrx_word' id='word_1_74' title='bbox 469 1849 902 1942; x_wconf 77' lang='lat' dir='ltr'><strong>contigerit,</strong></span> <span class='ocrx_word' id='word_1_75' title='bbox 954 1850 1246 1934; x_wconf 77' lang='lat' dir='ltr'><strong><em>sentiet,</em></strong></span> <span class='ocrx_word' id='word_1_76' title='bbox 1302 1851 1593 1941; x_wconf 78' lang='lat' dir='ltr'><strong>quantis</strong></span> <span class='ocrx_word' id='word_1_77' title='bbox 1627 1849 1831 1921; x_wconf 71' lang='lat' dir='ltr'><strong>bonis</strong></span> <span class='ocrx_word' id='word_1_78' title='bbox 1862 1877 1913 1921; x_wconf 91' lang='grc' dir='ltr'><strong><em>α</em></strong></span> <span class='ocrx_word' id='word_1_79' title='bbox 1963 1853 2224 1925; x_wconf 79' lang='lat' dir='ltr'><strong>Cleone</strong></span> <span class='ocrx_word' id='word_1_80' title='bbox 2242 1853 2488 1948; x_wconf 76' lang='lat' dir='ltr'><strong>fiaerit</strong></span> <span class='ocrx_word' id='word_1_81' title='bbox 2506 1854 2673 1947; x_wconf 76' lang='lat' dir='ltr'><strong>pri—</strong></span> 
     </span>
     <span class='ocr_line' id='line_1_14' title="bbox 466 1952 1390 2022; baseline 0 -1"><span class='ocrx_word' id='word_1_82' title='bbox 466 1961 702 2022; x_wconf 81' lang='lat' dir='ltr'><strong>vatus.</strong></span> <span class='ocrx_word' id='word_1_83' title='bbox 804 1954 884 2020; x_wconf 89' lang='lat' dir='ltr'><strong>ln</strong></span> <span class='ocrx_word' id='word_1_84' title='bbox 908 1954 1087 2021; x_wconf 82' lang='lat' dir='ltr'><strong>Pace</strong></span> <span class='ocrx_word' id='word_1_85' title='bbox 1120 1977 1182 2021; x_wconf 80' lang='lat' dir='ltr'><strong>v,</strong></span> <span class='ocrx_word' id='word_1_86' title='bbox 1216 1952 1390 2022; x_wconf 79' lang='lat'><strong>45⁰.</strong></span> 
     </span>
    </p>
   </div>
   <div class='ocr_carea' id='block_1_7' title="bbox 676 2100 2467 2420">
    <p class='ocr_par' dir='ltr' id='par_1_8' title="bbox 676 2100 2467 2420">
     <span class='ocr_line' id='line_1_15' title="bbox 676 2100 2467 2203; baseline 0.001 -27"><span class='ocrx_word' id='word_1_87' title='bbox 676 2106 791 2176; x_wconf 80' lang='grc' dir='ltr'><em>κεῖ</em></span> <span class='ocrx_word' id='word_1_88' title='bbox 835 2131 944 2184; x_wconf 88' lang='grc' dir='ltr'><strong><em>τις</em></strong></span> <span class='ocrx_word' id='word_1_89' title='bbox 995 2109 1420 2203; x_wconf 77' lang='grc' dir='ltr'><strong><em>στρατηγεῖν</em></strong></span> <span class='ocrx_word' id='word_1_90' title='bbox 1468 2100 1913 2197; x_wconf 82' lang='grc' dir='ltr'><strong><em>βουλόμενος</em></strong></span> <span class='ocrx_word' id='word_1_91' title='bbox 1959 2101 2068 2203; x_wconf 79' lang='grc' dir='ltr'><em>μή</em></span> <span class='ocrx_word' id='word_1_92' title='bbox 2119 2101 2467 2202; x_wconf 75' lang='grc' dir='ltr'><strong><em>ξυλλάβῃ,</em></strong></span> 
     </span>
     <span class='ocr_line' id='line_1_16' title="bbox 682 2203 2279 2303; baseline 0.001 -22"><span class='ocrx_word' id='word_1_93' title='bbox 682 2206 725 2303; x_wconf 82' lang='grc' dir='ltr'><em>ἢ</em></span> <span class='ocrx_word' id='word_1_94' title='bbox 778 2207 1030 2288; x_wconf 81' lang='grc' dir='ltr'><strong><em>δοῦλος</em></strong></span> <span class='ocrx_word' id='word_1_95' title='bbox 1082 2203 1518 2299; x_wconf 79' lang='grc' dir='ltr'><strong><em>αὐτομολεῖν</em></strong></span> <span class='ocrx_word' id='word_1_96' title='bbox 1571 2213 2279 2303; x_wconf 76' lang='grc' dir='ltr'><strong><em>παρεσκευασμένος,</em></strong></span> 
     </span>
     <span class='ocr_line' id='line_1_17' title="bbox 676 2305 2408 2420; baseline -0.001 -38"><span class='ocrx_word' id='word_1_97' title='bbox 676 2309 791 2382; x_wconf 79' lang='grc' dir='ltr'><strong>ἐπὶ</strong></span> <span class='ocrx_word' id='word_1_98' title='bbox 844 2309 982 2381; x_wconf 79' lang='grc' dir='ltr'><strong><em>τοῦ</em></strong></span> <span class='ocrx_word' id='word_1_99' title='bbox 1032 2309 1304 2405; x_wconf 82' lang='grc' dir='ltr'><strong><em>τροχοῦ</em></strong></span> <span class='ocrx_word' id='word_1_100' title='bbox 1354 2305 1428 2401; x_wconf 78' lang='grc' dir='ltr'><strong>γ’</strong></span> <span class='ocrx_word' id='word_1_101' title='bbox 1481 2315 1762 2420; x_wconf 57' lang='grc' dir='ltr'><strong><em>ἕλκοιτο</em></strong></span> <span class='ocrx_word' id='word_1_102' title='bbox 1814 2311 2408 2405; x_wconf 77' lang='grc' dir='ltr'><strong><em>μαστιγούμενος.</em></strong></span> 
     </span>
    </p>
   </div>
   <div class='ocr_carea' id='block_1_8' title="bbox 467 2456 2683 2860">
    <p class='ocr_par' dir='ltr' id='par_1_9' title="bbox 467 2456 2683 2860">
     <span class='ocr_line' id='line_1_18' title="bbox 469 2456 2673 2557; baseline -0.002 -24"><span class='ocrx_word' id='word_1_103' title='bbox 469 2463 588 2533; x_wconf 86' lang='lat' dir='ltr'><strong>Sic</strong></span> <span class='ocrx_word' id='word_1_104' title='bbox 618 2462 769 2531; x_wconf 85' lang='lat' dir='ltr'>libri</span> <span class='ocrx_word' id='word_1_105' title='bbox 819 2483 1051 2529; x_wconf 88' lang='lat' dir='ltr'><strong>omnes</strong></span> <span class='ocrx_word' id='word_1_106' title='bbox 1106 2470 1175 2528; x_wconf 88' lang='lat' dir='ltr'><strong>et</strong></span> <span class='ocrx_word' id='word_1_107' title='bbox 1206 2462 1449 2531; x_wconf 83' lang='lat' dir='ltr'><strong>Suidas</strong></span> <span class='ocrx_word' id='word_1_108' title='bbox 1481 2486 1542 2530; x_wconf 78' lang='lat' dir='ltr'><strong>v·</strong></span> <span class='ocrx_word' id='word_1_109' title='bbox 1590 2456 1876 2557; x_wconf 78' lang='grc' dir='ltr'><strong><em>τροχός,</em></strong></span> <span class='ocrx_word' id='word_1_110' title='bbox 1929 2465 2053 2533; x_wconf 86' lang='lat' dir='ltr'><strong>nisi</strong></span> <span class='ocrx_word' id='word_1_111' title='bbox 2081 2463 2267 2555; x_wconf 89' lang='lat' dir='ltr'><strong>quod</strong></span> <span class='ocrx_word' id='word_1_112' title='bbox 2297 2462 2408 2530; x_wconf 91' lang='lat' dir='ltr'><strong>hic</strong></span> <span class='ocrx_word' id='word_1_113' title='bbox 2445 2466 2515 2535; x_wconf 80' lang='grc' dir='ltr'><strong><em>εἰ</em></strong></span> <span class='ocrx_word' id='word_1_114' title='bbox 2546 2485 2673 2554; x_wconf 87' lang='lat' dir='ltr'><strong>pro</strong></span> 
     </span>
     <span class='ocr_line' id='line_1_19' title="bbox 468 2563 2675 2658; baseline -0.001 -20"><span class='ocrx_word' id='word_1_115' title='bbox 468 2569 594 2638; x_wconf 81' lang='grc' dir='ltr'><strong>κεί.</strong></span> <span class='ocrx_word' id='word_1_116' title='bbox 702 2564 891 2632; x_wconf 81' lang='lat' dir='ltr'><strong>Male</strong></span> <span class='ocrx_word' id='word_1_117' title='bbox 939 2566 1186 2656; x_wconf 83' lang='lat' dir='ltr'>corrigi</span> <span class='ocrx_word' id='word_1_118' title='bbox 1234 2563 1402 2653; x_wconf 78' lang='grc' dir='ltr'><strong>κᾶν,</strong></span> <span class='ocrx_word' id='word_1_119' title='bbox 1448 2573 1739 2658; x_wconf 84' lang='lat' dir='ltr'><strong>arguunt</strong></span> <span class='ocrx_word' id='word_1_120' title='bbox 1789 2587 1963 2654; x_wconf 81' lang='lat' dir='ltr'><strong>quae</strong></span> <span class='ocrx_word' id='word_1_121' title='bbox 1990 2566 2436 2658; x_wconf 77' lang='lat' dir='ltr'><strong>praecedunt:</strong></span> <span class='ocrx_word' id='word_1_122' title='bbox 2490 2563 2675 2644; x_wconf 80' lang='grc' dir='ltr'><strong><em>ὄςτις</em></strong></span> 
     </span>
     <span class='ocr_line' id='line_1_20' title="bbox 469 2661 2683 2763; baseline -0.002 -22"><span class='ocrx_word' id='word_1_123' title='bbox 469 2668 549 2741; x_wconf 73' lang='grc' dir='ltr'><strong>δὲ</strong></span> <span class='ocrx_word' id='word_1_124' title='bbox 580 2662 899 2760; x_wconf 85' lang='grc' dir='ltr'><strong><em>πόλεμον</em></strong></span> <span class='ocrx_word' id='word_1_125' title='bbox 941 2663 1129 2739; x_wconf 86' lang='grc' dir='ltr'><strong><em>εἶναι</em></strong></span> <span class='ocrx_word' id='word_1_126' title='bbox 1171 2661 1547 2758; x_wconf 80' lang='grc' dir='ltr'><strong><em>βούλεται,</em></strong></span> <span class='ocrx_word' id='word_1_127' title='bbox 1611 2706 1694 2717; x_wconf 91' lang='grc'><strong>-</strong></span> <span class='ocrx_word' id='word_1_128' title='bbox 1757 2669 1873 2738; x_wconf 85' lang='grc' dir='ltr'><em>κεῖ</em></span> <span class='ocrx_word' id='word_1_129' title='bbox 1912 2696 2023 2749; x_wconf 90' lang='grc' dir='ltr'><strong><em>τις</em></strong></span> <span class='ocrx_word' id='word_1_130' title='bbox 2075 2675 2361 2763; x_wconf 80' lang='grc' dir='ltr'><strong><em>φθονεῖ,</em></strong></span> <span class='ocrx_word' id='word_1_131' title='bbox 2413 2704 2517 2720; x_wconf 95' lang='grc'>-</span> <span class='ocrx_word' id='word_1_132' title='bbox 2569 2669 2683 2737; x_wconf 83' lang='grc' dir='ltr'><em>κεῖ</em></span> 
     </span>
     <span class='ocr_line' id='line_1_21' title="bbox 467 2768 2681 2860; baseline -0.002 -17"><span class='ocrx_word' id='word_1_133' title='bbox 467 2796 581 2851; x_wconf 82' lang='grc' dir='ltr'><strong><em>τις</em></strong></span> <span class='ocrx_word' id='word_1_134' title='bbox 628 2775 993 2859; x_wconf 71' lang='grc' dir='ltr'><strong><em>ἐπιθυμεῖ.</em></strong></span> <span class='ocrx_word' id='word_1_135' title='bbox 1098 2768 1295 2852; x_wconf 77' lang='lat' dir='ltr'><strong>Quae</strong></span> <span class='ocrx_word' id='word_1_136' title='bbox 1356 2777 1506 2837; x_wconf 87' lang='lat' dir='ltr'><strong>sunt</strong></span> <span class='ocrx_word' id='word_1_137' title='bbox 1545 2768 1907 2858; x_wconf 87' lang='lat' dir='ltr'><strong>eiusmodi,</strong></span> <span class='ocrx_word' id='word_1_138' title='bbox 1974 2781 2045 2841; x_wconf 85' lang='lat' dir='ltr'><strong>ut</strong></span> <span class='ocrx_word' id='word_1_139' title='bbox 2090 2772 2201 2838; x_wconf 90' lang='lat' dir='ltr'><strong>hic</strong></span> <span class='ocrx_word' id='word_1_140' title='bbox 2244 2792 2513 2860; x_wconf 87' lang='lat' dir='ltr'><strong>quoque</strong></span> <span class='ocrx_word' id='word_1_141' title='bbox 2569 2770 2681 2838; x_wconf 84' lang='grc' dir='ltr'><em>κεῖ</em></span> 
     </span>
    </p>
   </div>
   <div class='ocr_carea' id='block_1_9' title="bbox 465 2871 2673 3048">
    <p class='ocr_par' dir='ltr' id='par_1_10' title="bbox 465 2871 2673 3048">
     <span class='ocr_line' id='line_1_22' title="bbox 465 2871 2673 3048; baseline -0.005 -104"><span class='ocrx_word' id='word_1_142' title='bbox 465 2872 928 3048; x_wconf 53' lang='grc' dir='ltr'>τις4ξζείιιιιιι</span> <span class='ocrx_word' id='word_1_143' title='bbox 986 2894 1029 2938; x_wconf 82' lang='lat' dir='ltr'>a</span> <span class='ocrx_word' id='word_1_144' title='bbox 1081 2881 1290 2963; x_wconf 76' lang='lat' dir='ltr'><strong>poeta</strong></span> <span class='ocrx_word' id='word_1_145' title='bbox 1349 2895 1496 2940; x_wconf 89' lang='lat' dir='ltr'><strong>esse</strong></span> <span class='ocrx_word' id='word_1_146' title='bbox 1560 2872 1849 2940; x_wconf 82' lang='lat' dir='ltr'><strong>dubitari</strong></span> <span class='ocrx_word' id='word_1_147' title='bbox 1899 2873 2007 2942; x_wconf 83' lang='lat' dir='ltr'><strong>vix</strong></span> <span class='ocrx_word' id='word_1_148' title='bbox 2069 2874 2298 2965; x_wconf 80' lang='lat' dir='ltr'><strong>possit.</strong></span> <span class='ocrx_word' id='word_1_149' title='bbox 2416 2871 2673 2940; x_wconf 78' lang='lat' dir='ltr'><strong>Pariter</strong></span> 
     </span>
     <span class='ocr_line' id='line_1_23' title="bbox 469 2997 532 3041; baseline 0 0"><span class='ocrx_word' id='word_1_150' title='bbox 469 2997 532 3041; x_wconf 86' lang='lat' dir='ltr'><strong>v.</strong></span> 
     </span>
    </p>
   </div>
   <div class='ocr_carea' id='block_1_10' title="bbox 673 3119 2442 3326">
    <p class='ocr_par' dir='ltr' id='par_1_11' title="bbox 673 3119 2423 3326">
     <span class='ocr_line' id='line_1_24' title="bbox 673 3119 2334 3247; baseline 0 -49"><span class='ocrx_word' id='word_1_151' title='bbox 673 3125 918 3216; x_wconf 78' lang='grc' dir='ltr'><strong><em>χῶςτις</em></strong></span> <span class='ocrx_word' id='word_1_152' title='bbox 971 3119 1369 3247; x_wconf 78' lang='grc' dir='ltr'><strong><em>προθύμως</em></strong></span> <span class='ocrx_word' id='word_1_153' title='bbox 1421 3120 1739 3222; x_wconf 75' lang='grc' dir='ltr'><strong><em>ευλλοῖβῃ·</em></strong></span> <span class='ocrx_word' id='word_1_154' title='bbox 1780 3126 1925 3199; x_wconf 73' lang='grc' dir='ltr'><strong><em>τῶν</em></strong></span> <span class='ocrx_word' id='word_1_155' title='bbox 1978 3125 2334 3216; x_wconf 77' lang='grc' dir='ltr'><strong><em>σχοινίων,</em></strong></span> 
     </span>
     <span class='ocr_line' id='line_1_25' title="bbox 675 3223 2442 3326; baseline 0.001 -25"><span class='ocrx_word' id='word_1_156' title='bbox 675 3228 946 3301; x_wconf 79' lang='grc' dir='ltr'><strong><em>τοῦτον</em></strong></span> <span class='ocrx_word' id='word_1_157' title='bbox 997 3255 1127 3301; x_wconf 89' lang='grc' dir='ltr'><strong><em>τον</em></strong></span> <span class='ocrx_word' id='word_1_158' title='bbox 1179 3226 1407 3326; x_wconf 81' lang='grc' dir='ltr'><strong><em>ἄνδρα</em></strong></span> <span class='ocrx_word' id='word_1_159' title='bbox 1459 3257 1561 3323; x_wconf 86' lang='grc' dir='ltr'><strong>μη</strong></span> <span class='ocrx_word' id='word_1_160' title='bbox 1616 3233 1867 3321; x_wconf 81' lang='grc' dir='ltr'><strong><em>λαβεῖν</em></strong></span> <span class='ocrx_word' id='word_1_161' title='bbox 1920 3223 2095 3302; x_wconf 88' lang='grc' dir='ltr'><strong><em>πότ</em></strong></span> <span class='ocrx_word' id='word_1_162' title='bbox 2156 3225 2442 3302; x_wconf 46' lang='lat' dir='ltr'><strong>&amp;aalma</strong></span> 
     </span>
    </p>
   </div>
   <div class='ocr_carea' id='block_1_11' title="bbox 446 3373 2672 4475">
    <p class='ocr_par' dir='ltr' id='par_1_12' title="bbox 446 3373 2672 4475">
     <span class='ocr_line' id='line_1_26' title="bbox 468 3373 2670 3472; baseline -0 -23"><span class='ocrx_word' id='word_1_163' title='bbox 468 3382 607 3450; x_wconf 84' lang='lat' dir='ltr'><strong>vbi</strong></span> <span class='ocrx_word' id='word_1_164' title='bbox 652 3381 952 3470; x_wconf 81' lang='lat' dir='ltr'><strong>quamvis</strong></span> <span class='ocrx_word' id='word_1_165' title='bbox 1000 3382 1069 3448; x_wconf 89' lang='lat' dir='ltr'><strong>in</strong></span> <span class='ocrx_word' id='word_1_166' title='bbox 1103 3381 1295 3448; x_wconf 87' lang='lat' dir='ltr'><strong>bonis</strong></span> <span class='ocrx_word' id='word_1_167' title='bbox 1340 3381 1522 3449; x_wconf 89' lang='lat' dir='ltr'><strong>libris</strong></span> <span class='ocrx_word' id='word_1_168' title='bbox 1567 3373 1904 3472; x_wconf 74' lang='grc' dir='ltr'><strong><em>ξυλλάβοι</em></strong></span> <span class='ocrx_word' id='word_1_169' title='bbox 1954 3382 2067 3462; x_wconf 77' lang='lat' dir='ltr'><strong>sit,</strong></span> <span class='ocrx_word' id='word_1_170' title='bbox 2119 3391 2344 3449; x_wconf 81' lang='lat' dir='ltr'><strong>tamen</strong></span> <span class='ocrx_word' id='word_1_171' title='bbox 2385 3381 2670 3449; x_wconf 89' lang='lat' dir='ltr'><strong>deterius</strong></span> 
     </span>
     <span class='ocr_line' id='line_1_27' title="bbox 446 3482 2670 3572; baseline -0.001 -20"><span class='ocrx_word' id='word_1_172' title='bbox 446 3483 752 3561; x_wconf 17' lang='lat' dir='ltr'><strong>evidetur.</strong></span> <span class='ocrx_word' id='word_1_173' title='bbox 855 3482 1245 3550; x_wconf 86' lang='lat' dir='ltr'><strong>Herodotus</strong></span> <span class='ocrx_word' id='word_1_174' title='bbox 1291 3484 1391 3569; x_wconf 88' lang='lat'><strong>11,</strong></span> <span class='ocrx_word' id='word_1_175' title='bbox 1452 3482 1568 3553; x_wconf 81' lang='lat'><strong>13.</strong></span> <span class='ocrx_word' id='word_1_176' title='bbox 1633 3504 1843 3572; x_wconf 87' lang='lat' dir='ltr'><strong>quum</strong></span> <span class='ocrx_word' id='word_1_177' title='bbox 1888 3483 2157 3551; x_wconf 77' lang='lat' dir='ltr'>dixisset</span> <span class='ocrx_word' id='word_1_178' title='bbox 2217 3485 2445 3551; x_wconf 88' lang='lat' dir='ltr'><strong>Nilum</strong></span> <span class='ocrx_word' id='word_1_179' title='bbox 2491 3483 2670 3568; x_wconf 86' lang='lat' dir='ltr'><strong>olim,</strong></span> 
     </span>
     <span class='ocr_line' id='line_1_28' title="bbox 474 3585 2672 3676; baseline -0 -21"><span class='ocrx_word' id='word_1_180' title='bbox 474 3588 529 3655; x_wconf 90' lang='lat' dir='ltr'><strong>si</strong></span> <span class='ocrx_word' id='word_1_181' title='bbox 568 3587 911 3654; x_wconf 86' lang='lat' dir='ltr'><strong>minimum</strong></span> <span class='ocrx_word' id='word_1_182' title='bbox 954 3595 1109 3654; x_wconf 86' lang='lat' dir='ltr'><strong>octo</strong></span> <span class='ocrx_word' id='word_1_183' title='bbox 1145 3586 1404 3653; x_wconf 90' lang='lat' dir='ltr'><strong>cubitos</strong></span> <span class='ocrx_word' id='word_1_184' title='bbox 1457 3586 1877 3669; x_wconf 81' lang='lat' dir='ltr'><strong>accrevisset,</strong></span> <span class='ocrx_word' id='word_1_185' title='bbox 1928 3585 2080 3653; x_wconf 81' lang='lat' dir='ltr'><strong>loca</strong></span> <span class='ocrx_word' id='word_1_186' title='bbox 2114 3586 2287 3652; x_wconf 84' lang='lat' dir='ltr'><strong>infra</strong></span> <span class='ocrx_word' id='word_1_187' title='bbox 2312 3586 2672 3676; x_wconf 88' lang='lat' dir='ltr'><strong>Memphin</strong></span> 
     </span>
     <span class='ocr_line' id='line_1_29' title="bbox 469 3683 2670 3784; baseline 0.002 -27"><span class='ocrx_word' id='word_1_188' title='bbox 469 3688 856 3776; x_wconf 82' lang='lat' dir='ltr'><strong>inundasse,</strong></span> <span class='ocrx_word' id='word_1_189' title='bbox 908 3689 1000 3755; x_wconf 82' lang='lat' dir='ltr'><strong>ita</strong></span> <span class='ocrx_word' id='word_1_190' title='bbox 1028 3689 1290 3781; x_wconf 84' lang='lat' dir='ltr'><strong>pergit:</strong></span> <span class='ocrx_word' id='word_1_191' title='bbox 1342 3688 1470 3760; x_wconf 83' lang='grc' dir='ltr'><strong>νῦν</strong></span> <span class='ocrx_word' id='word_1_192' title='bbox 1505 3689 1580 3762; x_wconf 82' lang='grc' dir='ltr'><strong>δὲ·</strong></span> <span class='ocrx_word' id='word_1_193' title='bbox 1613 3691 1685 3759; x_wconf 85' lang='grc' dir='ltr'><strong><em>εἰ</em></strong></span> <span class='ocrx_word' id='word_1_194' title='bbox 1716 3683 1820 3777; x_wconf 81' lang='grc' dir='ltr'><em>μή</em></span> <span class='ocrx_word' id='word_1_195' title='bbox 1865 3684 1984 3761; x_wconf 76' lang='grc' dir='ltr'><strong>ἐπ’</strong></span> <span class='ocrx_word' id='word_1_196' title='bbox 2019 3687 2384 3761; x_wconf 73' lang='grc' dir='ltr'><strong><em>ἑκκαίδεκα</em></strong></span> <span class='ocrx_word' id='word_1_197' title='bbox 2418 3688 2462 3784; x_wconf 87' lang='grc' dir='ltr'><em>ἢ</em></span> <span class='ocrx_word' id='word_1_198' title='bbox 2490 3715 2670 3761; x_wconf 85' lang='grc' dir='ltr'><strong><em>πεν-</em></strong></span> 
     </span>
     <span class='ocr_line' id='line_1_30' title="bbox 469 3784 2668 3886; baseline -0.001 -22"><span class='ocrx_word' id='word_1_199' title='bbox 469 3791 842 3864; x_wconf 80' lang='grc' dir='ltr'><strong><em>τεκαίδεκα</em></strong></span> <span class='ocrx_word' id='word_1_200' title='bbox 889 3784 1153 3885; x_wconf 80' lang='grc' dir='ltr'><strong><em>πήχεας</em></strong></span> <span class='ocrx_word' id='word_1_201' title='bbox 1200 3787 1442 3886; x_wconf 72' lang='grc' dir='ltr'><strong><em>ἀναβῇ</em></strong></span> <span class='ocrx_word' id='word_1_202' title='bbox 1493 3784 1974 3878; x_wconf 76' lang='grc' dir='ltr'><strong><em>τούλάχιστον</em></strong></span> <span class='ocrx_word' id='word_1_203' title='bbox 2030 3788 2070 3861; x_wconf 83' lang='grc' dir='ltr'><em>ὀ</em></span> <span class='ocrx_word' id='word_1_204' title='bbox 2122 3784 2485 3880; x_wconf 84' lang='grc' dir='ltr'><strong><em>ποταμός,</em></strong></span> <span class='ocrx_word' id='word_1_205' title='bbox 2540 3786 2668 3862; x_wconf 76' lang='grc' dir='ltr'><strong>οὐκ</strong></span> 
     </span>
     <span class='ocr_line' id='line_1_31' title="bbox 471 3886 2668 3988; baseline -0.004 -22"><span class='ocrx_word' id='word_1_206' title='bbox 471 3891 892 3985; x_wconf 78' lang='grc' dir='ltr'><strong><em>ύπερβαίνει</em></strong></span> <span class='ocrx_word' id='word_1_207' title='bbox 923 3898 990 3971; x_wconf 77' lang='grc' dir='ltr'><strong>ἐς</strong></span> <span class='ocrx_word' id='word_1_208' title='bbox 1020 3887 1155 3987; x_wconf 72' lang='grc' dir='ltr'><strong><em>τήν</em></strong></span> <span class='ocrx_word' id='word_1_209' title='bbox 1188 3886 1444 3988; x_wconf 73' lang='grc' dir='ltr'><strong><em>χώρην.</em></strong></span> <span class='ocrx_word' id='word_1_210' title='bbox 1546 3892 1730 3959; x_wconf 86' lang='lat' dir='ltr'><strong>Vnus</strong></span> <span class='ocrx_word' id='word_1_211' title='bbox 1759 3900 2014 3960; x_wconf 81' lang='lat' dir='ltr'><strong>tantum</strong></span> <span class='ocrx_word' id='word_1_212' title='bbox 2047 3892 2263 3959; x_wconf 84' lang='lat' dir='ltr'><strong>codex</strong></span> <span class='ocrx_word' id='word_1_213' title='bbox 2297 3890 2387 3987; x_wconf 82' lang='grc' dir='ltr'><strong>ἦν</strong></span> <span class='ocrx_word' id='word_1_214' title='bbox 2401 3946 2429 3979; x_wconf 83' lang='grc'>,</span> <span class='ocrx_word' id='word_1_215' title='bbox 2483 3891 2668 3981; x_wconf 88' lang='lat' dir='ltr'><strong>quod</strong></span> 
     </span>
     <span class='ocr_line' id='line_1_32' title="bbox 472 3992 2664 4086; baseline -0 -23"><span class='ocrx_word' id='word_1_216' title='bbox 472 3995 659 4063; x_wconf 85' lang='lat' dir='ltr'><strong>dedit</strong></span> <span class='ocrx_word' id='word_1_217' title='bbox 684 3994 1113 4080; x_wconf 82' lang='lat' dir='ltr'><strong>Schaeferus,</strong></span> <span class='ocrx_word' id='word_1_218' title='bbox 1166 4002 1234 4062; x_wconf 86' lang='lat' dir='ltr'><strong>et</strong></span> <span class='ocrx_word' id='word_1_219' title='bbox 1250 3992 1715 4086; x_wconf 88' lang='lat' dir='ltr'><strong>reponendum</strong></span> <span class='ocrx_word' id='word_1_220' title='bbox 1742 3995 1999 4063; x_wconf 85' lang='lat' dir='ltr'><strong>censuit</strong></span> <span class='ocrx_word' id='word_1_221' title='bbox 2029 3995 2373 4062; x_wconf 88' lang='lat' dir='ltr'><strong>Werferus</strong></span> <span class='ocrx_word' id='word_1_222' title='bbox 2392 3996 2460 4061; x_wconf 88' lang='lat' dir='ltr'><strong>in</strong></span> <span class='ocrx_word' id='word_1_223' title='bbox 2478 3995 2664 4062; x_wconf 88' lang='lat' dir='ltr'><strong>Actis</strong></span> 
     </span>
     <span class='ocr_line' id='line_1_33' title="bbox 468 4087 2667 4189; baseline 0 -25"><span class='ocrx_word' id='word_1_224' title='bbox 468 4087 743 4165; x_wconf 81' lang='lat' dir='ltr'><strong>Monac.</strong></span> <span class='ocrx_word' id='word_1_225' title='bbox 795 4098 885 4170; x_wconf 89' lang='lat' dir='ltr'><strong>T.</strong></span> <span class='ocrx_word' id='word_1_226' title='bbox 927 4097 979 4165; x_wconf 93' lang='lat'><strong>1.</strong></span> <span class='ocrx_word' id='word_1_227' title='bbox 1030 4121 1103 4189; x_wconf 86' lang='lat' dir='ltr'><strong>p.</strong></span> <span class='ocrx_word' id='word_1_228' title='bbox 1152 4095 1324 4164; x_wconf 94' lang='grc'><strong>100.</strong></span> <span class='ocrx_word' id='word_1_229' title='bbox 1377 4120 1514 4165; x_wconf 87' lang='grc' dir='ltr'>ιιοιι</span> <span class='ocrx_word' id='word_1_230' title='bbox 1557 4106 1775 4183; x_wconf 86' lang='lat' dir='ltr'><strong>recte,</strong></span> <span class='ocrx_word' id='word_1_231' title='bbox 1835 4105 1909 4164; x_wconf 89' lang='lat' dir='ltr'><strong>ut</strong></span> <span class='ocrx_word' id='word_1_232' title='bbox 1947 4096 2111 4164; x_wconf 89' lang='lat' dir='ltr'><strong>mihi</strong></span> <span class='ocrx_word' id='word_1_233' title='bbox 2161 4096 2440 4165; x_wconf 85' lang='lat' dir='ltr'><strong>videtur.</strong></span> <span class='ocrx_word' id='word_1_234' title='bbox 2542 4096 2667 4164; x_wconf 91' lang='lat' dir='ltr'><strong>Est</strong></span> 
     </span>
     <span class='ocr_line' id='line_1_34' title="bbox 471 4198 2664 4293; baseline -0.001 -25"><span class='ocrx_word' id='word_1_235' title='bbox 471 4202 647 4268; x_wconf 86' lang='lat' dir='ltr'><strong>enim</strong></span> <span class='ocrx_word' id='word_1_236' title='bbox 677 4199 814 4268; x_wconf 88' lang='lat' dir='ltr'><strong>hoc</strong></span> <span class='ocrx_word' id='word_1_237' title='bbox 839 4199 1223 4293; x_wconf 54' lang='lat' dir='ltr'><strong>Masone,</strong></span> <span class='ocrx_word' id='word_1_238' title='bbox 1266 4199 1453 4288; x_wconf 85' lang='lat' dir='ltr'><strong>quod</strong></span> <span class='ocrx_word' id='word_1_239' title='bbox 1486 4201 1605 4267; x_wconf 89' lang='lat' dir='ltr'><strong>etsi</strong></span> <span class='ocrx_word' id='word_1_240' title='bbox 1630 4201 1853 4291; x_wconf 85' lang='lat' dir='ltr'><strong>potuit</strong></span> <span class='ocrx_word' id='word_1_241' title='bbox 1873 4198 1984 4266; x_wconf 90' lang='lat' dir='ltr'><strong>hic</strong></span> <span class='ocrx_word' id='word_1_242' title='bbox 2014 4199 2169 4285; x_wconf 84' lang='lat' dir='ltr'><strong>dici,</strong></span> <span class='ocrx_word' id='word_1_243' title='bbox 2204 4207 2427 4267; x_wconf 81' lang='lat' dir='ltr'><strong>tamen</strong></span> <span class='ocrx_word' id='word_1_244' title='bbox 2455 4201 2664 4266; x_wconf 89' lang='lat' dir='ltr'><strong>multo</strong></span> 
     </span>
     <span class='ocr_line' id='line_1_35' title="bbox 468 4301 2663 4394; baseline -0 -25"><span class='ocrx_word' id='word_1_245' title='bbox 468 4303 690 4394; x_wconf 85' lang='lat' dir='ltr'><strong>aptior</strong></span> <span class='ocrx_word' id='word_1_246' title='bbox 732 4312 832 4371; x_wconf 87' lang='lat' dir='ltr'><strong>est</strong></span> <span class='ocrx_word' id='word_1_247' title='bbox 868 4304 1102 4371; x_wconf 87' lang='lat' dir='ltr'><strong>fortius</strong></span> <span class='ocrx_word' id='word_1_248' title='bbox 1152 4326 1467 4394; x_wconf 84' lang='lat' dir='ltr'><strong>expressa</strong></span> <span class='ocrx_word' id='word_1_249' title='bbox 1510 4301 1838 4384; x_wconf 87' lang='lat' dir='ltr'><strong>conditio,</strong></span> <span class='ocrx_word' id='word_1_250' title='bbox 1903 4301 2043 4371; x_wconf 74' lang='lat' dir='ltr'><strong>m&#39;se’</strong></span> <span class='ocrx_word' id='word_1_251' title='bbox 2056 4353 2075 4388; x_wconf 87' lang='lat'><strong>‚</strong></span> <span class='ocrx_word' id='word_1_252' title='bbox 2142 4324 2277 4390; x_wconf 84' lang='lat' dir='ltr'><strong>qua</strong></span> <span class='ocrx_word' id='word_1_253' title='bbox 2317 4301 2663 4386; x_wconf 81' lang='lat' dir='ltr'><strong>indicatur,</strong></span> 
     </span>
     <span class='ocr_line' id='line_1_36' title="bbox 470 4384 2662 4475; baseline -0.001 -2"><span class='ocrx_word' id='word_1_254' title='bbox 470 4428 617 4474; x_wconf 88' lang='lat' dir='ltr'><strong>esse</strong></span> <span class='ocrx_word' id='word_1_255' title='bbox 651 4384 786 4473; x_wconf 90' lang='lat' dir='ltr'><strong>hoc</strong></span> <span class='ocrx_word' id='word_1_256' title='bbox 830 4416 1016 4474; x_wconf 82' lang='lat' dir='ltr'><strong>extra</strong></span> <span class='ocrx_word' id='word_1_257' title='bbox 1057 4407 1377 4475; x_wconf 79' lang='lat' dir='ltr'><strong>ordinem·-</strong></span> <span class='ocrx_word' id='word_1_258' title='bbox 1481 4404 1751 4473; x_wconf 85' lang='lat' dir='ltr'><strong>Eodem</strong></span> <span class='ocrx_word' id='word_1_259' title='bbox 1787 4405 1995 4473; x_wconf 87' lang='lat' dir='ltr'><strong>modo</strong></span> <span class='ocrx_word' id='word_1_260' title='bbox 2039 4405 2280 4473; x_wconf 80' lang='lat' dir='ltr'><strong>erravit</strong></span> <span class='ocrx_word' id='word_1_261' title='bbox 2319 4404 2662 4473; x_wconf 85' lang='lat' dir='ltr'><strong>Werferus</strong></span> 
     </span>
    </p>
   </div>
  </div>
 </body>
</html>
