3284 5159
596 413 722 506 ⁶4,
1192 485 1197 490 .
1286 430 1403 494 DE
1479 427 2025 494 PARTICVLA
2069 424 2162 493 ἄν

604 622 963 720 quomodo
982 620 1466 715 'repellendus
1522 628 1751 690 esset.-
1823 621 1960 690 sed
2016 619 2359 713 quoniam
2407 629 2612 712 sunt,
2696 623 2818 714 qui

603 728 826 803 aliter
851 725 1201 812 sentiant,
1254 723 1369 793 his
1412 724 1950 794 occurrendum
1994 732 2121 793 est.
2226 724 2329 791 lta
2357 734 2643 816 apparet
2679 725 2818 794 iam

601 841 739 902 no'n
768 829 932 919 quid
963 851 1135 920 opus
1182 827 1302 911 sit,
1354 835 1424 894 et
1450 827 1616 916 quid
1656 850 1792 896 non
1820 829 1901 895 sit
1933 849 2140 917 opus,
2193 825 2368 894 inter
2415 849 2487 895 se
2535 829 2816 919 opponi,

539 978 544 984 -
602 934 726 1007 sed
761 932 966 1022 quid
946 955 1096 1023 lpse
1134 930 1430 998 facturus
1463 931 1564 999 sit.
1668 927 2040 999 Aeschines
2070 953 2128 1002 c.
2159 929 2504 1000 Timarch.
2536 954 2608 1022 p.
2642 925 2813 999 153.

601 1039 707 1130 (p.
745 1031 915 1105 355.
969 1029 1241 1128 §.15st
1289 1032 1548 1123 Bekk.)
1602 1029 1694 1114 οἷς
1737 1031 1991 1104 τοίνυν
2032 1031 2192 1126 ἐξῆν
2232 1028 2458 1126 αὐτῷ
2483 1032 2817 1128 σωθῆναι

582 1132 704 1236 ’μη
739 1137 1308 1234 τιμωρησαμένῳ
1344 1129 1477 1207 τόν
1514 1134 1651 1207 τοῦ
1695 1127 2135 1230 Πατρόκλου
2188 1132 2570 1224 θάνατον,
2624 1129 2816 1207 οἰνά-

598 1239 832 1336 γνωθί
858 1265 992 1333 μοι
1030 1238 1079 1310 ὁὶ
1105 1241 1292 1329 λέγει
1323 1265 1366 1333 η
1405 1240 1636 1318 Θέτις.
1740 1237 2078 1306 Potuisset
2107 1237 2380 1326 quidem
2423 1237 2575 1324 dici,
2629 1238 2817 1328 quod

599 1344 891 1464 quidam·
909 1341 1109 1410 codd.
1152 1340 1409 1408 habent
1438 1340 1598 1438 ἐξῆν
1642 1337 1736 1412 ἄν
1748 1394 1776 1429 ,
1830 1340 1987 1430 quia
2026 1340 2320 1409 licuisset
2369 1340 2620 1409 Achilli
2665 1364 2815 1410 ser-

599 1447 772 1534 vari,
839 1445 895 1513 si
945 1445 1318 1512 Hectorem
1360 1466 1497 1512 non
1540 1443 1921 1529 occideret,
1992 1443 2182 1533 quod
2234 1443 2459 1512 occiso
2512 1445 2630 1513 illo
2679 1445 2818 1512 iam

599 1573 738 1622 non
780 1548 1060 1616 licebat:
1113 1546 1235 1614 sed
1275 1568 1410 1614 non
1450 1555 1633 1614 recte
1674 1545 1787 1614 hic
1847 1546 2215 1634 diceretur,
2282 1547 2440 1635 quia
2474 1568 2612 1616 non
2649 1547 2815 1638 quid

598 1639 857 1723 licuerit
893 1651 977 1740 ei,
1031 1649 1154 1717 sed
1184 1648 1349 1738 quid
1383 1649 1639 1734 fecerit,
1694 1650 2051 1739 quaeritur.
2150 1650 2390 1738 Itaque
2422 1652 2815 1745 oppositum

600 1765 699 1827 est
724 1748 891 1827 ἀλλ’
923 1779 1052 1824 ουιι
1091 1744 1452 1847 ἐβουλήθη
1484 1752 1837 1846 σωθῆναι.

800 1857 1087 1924 Restant
1111 1854 1321 1922 verba
1354 1850 1676 1947 ωφελον,
1730 1856 2062 1947 ἔμελλον,
2116 1854 2334 1952 ἔφην,
2388 1848 2812 1952 ἐβουλόμην,

598 1960 687 2032 de
752 1959 992 2050 quibus
1051 1955 1304 2047 aliquid
1354 1956 1803 2025 adiiciendum
1854 1957 2138 2027 videtur.
2240 1959 2469 2047 Atque
2531 1956 2813 2053 ωφελον

598 2063 891 2155 quidem
898 2085 1018 2129 cur
1045 2062 1157 2128 vix
1187 2061 1376 2128 aliter
1416 2083 1620 2150 quam
1649 2062 1788 2130 sine
1816 2059 2226 2153 particula
2177 2089 2267 2133 αν
2300 2061 2639 2155 positum
2620 2084 2813 2130 mve-

595 2167 847 2255 niatur,
917 2186 1001 2232 ex
1055 2163 1168 2251 iis,
1236 2186 1411 2252 quae
1466 2164 1677 2233 modo
1728 2165 2248 2257 disputavimu8‚
2323 2164 2813 2257 apertissimum

598 2280 719 2347 est.
821 2268 1000 2336 Nam
1039 2289 1248 2356 quum
1277 2266 1411 2334 hoc
1440 2268 1727 2336 verbum
1753 2269 2033 2360 proprie
2075 2265 2428 2336 debebam
2456 2267 2812 2359 significet,

598 2372 812 2442 inest
793 2395 864 2439 ιιι
894 2392 978 2438 eo
1009 2369 1415 2438 necessitatis
1451 2370 1884 2462 significatio,
1937 2380 2050 2453 ut,
2105 2371 2292 2460 quod
2316 2370 2613 2439 debebat
2638 2370 2809 2462 fieri,

461 2509 473 2526 x
597 2498 733 2544 non
756 2475 960 2582 etiam
988 2473 1135 2541 fieri
1163 2494 1302 2540 non
1331 2470 1657 2541 debuerit.
1712 2472 1904 2542 lliad.
1940 2481 1992 2560 ζ.
2026 2470 2200 2549 350.

702 2620 963 2721 ᾰνδρὸς
1014 2621 1248 2698 ἔπειτ’
1301 2621 1627 2718 ωφελλον
1679 2622 2063 2717 ἀμείνονος
2115 2620 2304 2697 εἶναι
2359 2622 2637 2706 ἄκοιτις

699 2726 777 2811 ὅς
828 2724 910 2826 ῤ’
960 2725 1090 2826 ᾔδη
1142 2724 1429 2822 νέμεσίν
1480 2757 1564 2803 τε
1615 2729 1735 2801 καὶ
1790 2730 2045 2820 αἴσχεα
2097 2721 2311 2802 πόλλ’
2379 2721 2807 2827 ἀνθρώπων.

592 2881 729 2955 Od.
761 2911 831 2955 α.
866 2879 1038 2952 217..

696 3064 787 3117 ως
838 3030 923 3131 δὴ
981 3029 1192 3127 ἔγωγ
1247 3032 1513 3130 ὄφελον
1561 3027 1887 3131 μακαρός
1938 3026 2027 3107 νύ
2083 3060 2213 3107 τευ
2281 3033 2592 3126 ἔμμεναι
2655 3026 2812 3116 υἱός

698 3135 993 3234 ἀνέρος,
1048 3136 1134 3210 ὂν
1186 3133 1611 3211 κτεατεσσιν
1659 3143 1802 3218 ἑοῖς
1852 3138 1973 3210 ἔπι
2023 3137 2245 3234 γῆρας
2297 3138 2621 3229 ἔτετμεν-

590 3271 945 3381 Nusquam
991 3298 1192 3381 potes
1246 3313 1595 3383 opponere
1614 3338 1635 3375 ,
1688 3298 1771 3359 at
1821 3312 1966 3359 non
2009 3288 2362 3360 debebam
2400 3311 2599 3360 esse.-
2665 3290 2808 3373 sed,

595 3402 681 3465 at
702 3416 845 3463 non
876 3414 1055 3465 sum.
1155 3394 1476 3463 Debebas
1508 3393 1688 3462 enim
1715 3392 1924 3463 nihilo
1950 3393 2190 3482 seciuS,
2245 3395 2366 3462 etsi
2397 3416 2535 3484 non
2569 3401 2672 3462 est
2697 3393 2809 3463 fa-

591 3507 795 3586 ctum,
849 3495 1037 3586 quod
1064 3497 1212 3566 fieri
1239 3495 1552 3567 debebat.

540 3690 545 3696 ¹
795 3599 1062 3669 Eadem
1104 3599 1274 3668 ratio
1318 3608 1420 3669 est
1467 3599 1659 3669 verbi
1697 3598 2015 3693 ἔμελλον.
2122 3598 2305 3667 Nam
2353 3599 2471 3689 qui
2506 3596 2807 3667 facturus

591 3701 756 3795 quid
789 3712 934 3772 erat
951 3753 971 3790 ‚
1025 3726 1181 3771 eum
1207 3725 1341 3771 non
1373 3712 1569 3795 potes
1602 3702 1828 3770 dicere
1861 3723 1999 3771 non
2032 3701 2235 3770 fuisse
2264 3702 2634 3788 facturum,
2685 3699 2811 3770 sed

591 3821 728 3878 non
760 3807 1020 3875 fecisse.
1126 3805 1337 3891 Quod
1363 3828 1526 3874 vero
1553 3804 1779 3873 Latini
1809 3804 2058 3890 dieunt,
2089 3801 2456 3897 facturus
2464 3801 2807 3897 fuissem,

590 3910 756 3979 nihil
810 3910 1065 4000 obstat,
1131 3907 1294 3999 quin
1356 3908 1648 3978 Graece
1678 3907 1901 3995 dicas,
1970 3908 2269 4001 ἔμελλον
2320 3901 2804 4003 ἄνποιήσειν.

591 4010 983 4104 opponitur
1035 4011 1212 4080 enim
1243 4007 1407 4086 ἀλλ’
1458 4007 1547 4085 οὐ
1586 4012 1849 4103 μέλλω,
1897 4018 1981 4079 at
2017 4032 2163 4079 non
2222 4032 2384 4082 sum
2419 4007 2807 4103 facturus.

590 4115 735 4185 Sed
785 4112 1193 4202 cavendum,
1244 4138 1330 4183 ne
1343 4165 1364 4202 ,
1414 4114 1534 4182 ubi
1575 4112 1667 4185 ἂν
1706 4136 1862 4181 ειιιιι
1886 4112 2206 4181 infinitivo
2235 4111 2651 4205 iungendum
2684 4121 2809 4198 est,

590 4218 680 4286 ad
719 4218 967 4309 ἔμελλε
996 4216 1242 4289 trahas.
1344 4215 1438 4286 Vt
1466 4216 1537 4284 in
1574 4216 1891 4308 Xenoph.
1935 4214 2190 4308 Cyl-op.
2228 4217 2349 4291 lv,
2396 4214 2467 4302 3,
2511 4213 2582 4283 3.
2635 4207 2811 4296 στοῖς

540 4315 543 4322 ”
591 4313 778 4395 ὅπου
813 4320 1105 4420 ἔμελλεν
1142 4318 1234 4392 ἄν
1263 4313 1739 4411 ἐξακούεσθαι
1768 4313 1867 4391 vo?
1905 4312 2297 4412 λεγόμεναι
2349 4318 2392 4387 i.
2429 4342 2488 4387 e.
2519 4315 2645 4387 ubi
2664 4316 2809 4412 jie-

591 4432 833 4502 turum
859 4430 1066 4510 erat,
1111 4431 1200 4516 “ut
1227 4422 1574 4495 exaudiri
1609 4421 1821 4492 dicta
1849 4430 2170 4515 possent.
2274 4420 2404 4491 Vel
2434 4420 2622 4516 apud
2660 4422 2807 4490 An-
