3284 5159
543 444 592 504 o
1014 454 1021 458 ·
1222 436 1339 497 m:
1383 389 1935 497 PAR'TIGVLA
1980 427 2075 496 ἂν

547 623 834 699 Aemilio
889 651 948 696 c.
1003 624 1124 697 32.
1175 620 1369 715 μετοῖ
1412 624 1490 701 δὲ
1538 653 1671 707 τας
1704 553 2166 721 ὁπλοφόρους
2209 618 2399 717 οἷμοῖ
2378 632 2489 705 ἔας
2524 622 2777 723 ἄνδρες

549 725 992 860 ἐπορεύοντο
1038 729 1457 827 τριςχίλιοι,
1517 723 1853 822 νόμισμα
1898 729 2242 823 φέροντες
2280 724 2644 823 ἀργυροῦν
2698 736 2774 802 ἐν

466 832 469 842 ’
551 832 862 927 ἀγγείοις
890 833 1345 914 ἑπτακοσίοις
1374 826 1828 957 πεντήκοντα
1866 824 2406 926 τριταλάντοις,
2461 829 2560 903 ὦν
2598 838 2776 904 ἔκα-

550 963 728 1010 στον
782 931 929 1008 οἷνοῖ
971 939 1313 1028 τέσσαρες
1353 929 1708 1028 ἐκόμιζον.
1813 934 1924 1003 Ex
1963 932 2096 1000 hac
2152 934 2360 1025 igitur
2405 934 2775 1004 adverbiali

547 1048 882 1133 potestate
911 1040 1426 1132 praepositionis
1454 1034 1597 1110 οἶνοί
1616 1092 1646 1127 ,
1699 1036 2133 1130 significantis
2175 1037 2605 1125 secundum,
2658 1061 2777 1105 or-

547 1154 692 1212 tum
723 1143 989 1211 videtur
1015 1141 1127 1215 οἵν.
1187 1144 1366 1211 Nam
1397 1142 1812 1233 praepositio
1846 1140 2237 1233 priusquam
2261 1140 2331 1207 in
2361 1143 2776 1212 coniunctio-

548 1269 705 1314 nem
741 1254 1040 1314 vertatur
1061 1295 1082 1333 ,
1140 1246 1210 1313 in
1252 1246 1649 1314 adverbium
1697 1244 1937 1313 abierit
1981 1265 2260 1312 necesse
2289 1252 2392 1312 est
2409 1292 2430 1329 ‚
2482 1246 2643 1335 quia
2682 1246 2775 1313 sic

550 1349 826 1417 demum
866 1350 1006 1417 sine
1040 1350 1308 1419 nomine
1339 1348 1542 1417 inseri
1577 1346 1862 1416 orationi
1888 1353 2134 1438 potest.
2201 1347 2306 1414 lta
2338 1370 2423 1416 ex
2451 1350 2620 1443 πέρι
2648 1348 2775 1414 ad-

549 1453 809 1536 verbio,
863 1452 1053 1541 quod
1089 1461 1188 1521 est
1215 1452 1459 1539 valde,
1512 1451 1694 1518 facta
1724 1459 1827 1519 est
1870 1449 2251 1517 coniunctio
2289 1451 2453 1545 πέρ,
2503 1474 2775 1543 quam-

548 1556 682 1628 vis,
751 1554 963 1647 Igitur
995 1577 1204 1644 quum
1234 1554 1603 1648 particulae
1631 1554 1723 1627 ἄν
1756 1577 1837 1621 ea
1859 1553 2114 1642 ubique
2146 1552 2246 1620 vis
2276 1552 2379 1637 sit,
2431 1562 2507 1621 ut
2532 1555 2621 1622 ad
2650 1556 2776 1621 ali-

523 1681 755 1753 squam
788 1658 1240 1728 conditionem
1269 1658 1618 1746 referatur,
1675 1680 1848 1746 quae
1882 1655 2180 1723 conditio
2212 1678 2418 1747 saepe
2452 1657 2778 1750 adiungi--

548 1771 679 1845 tur,
710 1761 824 1829 ubi
858 1770 1082 1828 autem
1113 1784 1248 1829 non
1267 1771 1367 1829 est
1393 1760 1648 1843 addita,
1676 1769 1906 1828 tamen
1937 1760 2221 1852 cogitari
2234 1760 2462 1847 debet,
2491 1769 2681 1852 patet
2706 1762 2779 1828 id

550 1866 774 1956 ipsum
805 1867 933 1956 per
963 1864 1531 1956 praepositionem
1560 1857 1705 1934 α’να
1734 1862 2039 1931 disertius
2068 1862 2381 1930 indicari.
2447 1873 2524 1931 ut
2568 1886 2778 1953 quum
2853 1897 2859 1904 ·

526 1967 832 2035 fdicimus
851 1961 1258 2062 ἐβουλόμην
1288 1965 1409 2057 ἄν,
1446 1993 1508 2038 ει
1498 1959 1925 2090 ’ἐδυνάμην,
1957 1965 2123 2055 quid
2151 1965 2222 2033 id
2244 1966 2430 2034 aliud
2456 1975 2558 2035 est
2573 1990 2780 2056 quam

551 2063 957 2164 ἐβουλόμην
989 2063 1134 2141 ἄνα
1164 2069 1428 2160 τοῦτο,
1490 2071 1562 2140 εἰ
1555 2061 2018 2189 ιέᾶυνοῖμην.ρ
2069 2077 2184 2136 aut
2228 2091 2439 2159 quum
2494 2093 2631 2138 non
2669 2071 2778 2138 di-
2867 2139 2874 2147 Ι

557 2181 735 2241 serte
780 2172 1042 2241 adiecta
1071 2172 1452 2241 conditione
1487 2164 1619 2244 ἑαν
1647 2172 1809 2266 λε’γῃ
1823 2225 1851 2259 ,
1905 2168 2097 2238 vel‘'
2051 2199 2233 2244 οταν
2268 2174 2433 2268 λε’γῃ
2456 2220 2485 2253 ,
2542 2173 2653 2242 vel
2702 2174 2780 2255 ὃς

552 2274 645 2347 ἄν
673 2276 837 2371 λε’γῃ
857 2330 882 2362 ,
936 2275 1100 2364 quid
1130 2275 1309 2395 aliqd
1339 2298 1543 2364 quam
1576 2275 1647 2346 εἰ
1672 2275 1836 2370 λέγῃ
1872 2266 2018 2344 α’να
2043 2274 2272 2346 τοῦτο
2291 2329 2319 2362 ,
2375 2277 2605 2368 λέγειν
2634 2272 2779 2349 αὖ·-

549 2372 712 2466 τόν,
767 2392 836 2445 et
863 2375 990 2451 ὅτε
1021 2378 1185 2475 λε’γῃ
1218 2372 1363 2450 α’να
1388 2376 1638 2458 τοῦτο,
1690 2379 1922 2467 λέγειν
1957 2377 2165 2464 ποτέ,
2223 2386 2292 2445 et
2324 2375 2400 2458 ὂς
2433 2380 2600 2476 λε’γῃ
2634 2374 2781 2451 <iva

548 2482 827 2569 τοῦτο,
881 2482 1110 2572 λέγειν
1142 2476 1371 2554 τινοί.ρ
1421 2480 1525 2548 lta
1569 2487 1894 2571 apparet,
1945 2479 2345 2570 particulam
2397 2480 2489 2553 ἄν
2537 2482 2777 2551 condi-

551 2585 732 2652 tione
777 2583 1092 2652 addenda
1135 2583 1208 2651 id
1249 2583 1437 2673 quod
1482 2584 1673 2651 aliter
1722 2591 1982 2651 certum
2036 2582 2524 2673 definitumque
2578 2595 2776 2674 esset,

551 2689 879 2755 incertum
909 2696 977 2754 et
1005 2688 1336 2755 infinitum
1375 2685 1688 2760 reddere.
1796 2681 1889 2754 Vt
1919 2708 2129 2773 quum
2162 2685 2239 2772 ὃς
2266 2689 2431 2781 λε’γῃ
2478 2688 2784 2777 ᾶίοἰιιιιιε,

552 2790 755 2858 estid
802 2790 867 2860 is
914 2790 1037 2883 qui
1081 2791 1324 2878 dicat,
1366 2789 1555 2880 quod
1597 2797 1700 2857 est
1739 2789 2036 2871 finitum3
2091 2788 2168 2868 ὃς
2206 2788 2298 2860 ἄν
2328 2792 2493 2888 λε’γῃ
2523 2802 2775 2877 autem,

554 2892 975 2986 quicumque
1033 2893 1282 2963 dicat.-
1344 2892 1533 2982 quod
1576 2901 1676 2960 est
1715 2891 2080 2979 infinitum,
2134 2893 2450 2982 quoniam
2496 2895 2585 2963 ad
2628 2919 2778 2964 eam

551 2999 930 3082 notionem,
999 3020 1177 3087 quae
1231 2996 1632 3088 pronomine
1678 2995 2053 3063 continetur
2072 3043 2092 3079 ‚
2162 2995 2459 3063 conditio
2514 3000 2779 3067 accedit

554 3102 898 3167 veritatem
929 3101 1027 3168 rei
1059 3124 1098 3169 e
1150 3123 1309 3168 casu
1347 3100 1624 3168 fortuito
1662 3098 2097 3189 suspendens.
2204 3099 2403 3166 Vnde
2447 3102 2778 3192 particula

549 3203 674 3271 ista
719 3202 899 3269 dicta
945 3212 1046 3271 est
1099 3225 1141 3272 a
1192 3202 1670 3298 grammaticis
1692 3195 2083 3294 σύνδεσμος
2134 3195 2595 3300 α’ναιρετικός
2639 3206 2779 3280 τοῦ

546 3298 951 3398 γεγονότος.

1617 3510 1705 3578 11.

988 3625 2327 3734 D'e'collocatione.

751 3815 866 3885 Ad
905 3817 1415 3886 collocationem
1464 3817 1652 3910 quod
1690 3816 1957 3906 attinet,
2024 3823 2265 3884 neutra
2311 3815 2649 3906 particula
2706 3783 2776 3885 in

417 3995 421 4000 ,
547 3919 883 4013 principio
917 3921 1226 3990 orationis
1268 3923 1431 4014 poni
1461 3929 1722 4015 potest,
1771 3943 1924 3988 ιιιοιι
1962 3941 2374 4010 praegressa
2407 3920 2537 3986 alia
2582 3942 2773 3988 voce.

549 4022 832 4111 Vtrique
883 4022 1060 4089 enim
1101 4024 1271 4091 inest
1310 4024 1649 4115 quaedam
1688 4023 2050 4093 sententiae
2097 4020 2507 4108 debilitatio,
2564 4045 2776 4111 quum

419 4165 440 4182 ι
549 4124 735 4214 quod
764 4124 955 4191 aliter
981 4125 1222 4194 deuna
1245 4151 1321 4196 te
1353 4137 1535 4196 certa
1554 4128 1912 4215 diceretur,
1942 4123 2032 4191 ad
2064 4125 2356 4212 aliquam
2390 4148 2430 4192 e
2459 4126 2766 4216 pluribus

547 4228 815 4295 incertis
839 4228 1044 4296 rebus
1074 4231 1456 4301 transferat:
1485 4231 1668 4300 unde
1698 4230 1758 4297 ei
1779 4252 1914 4296 non
1946 4235 2170 4318 potest
2201 4228 2322 4295 nisi
2342 4227 2774 4296 secundarius

549 4331 784 4422 aliquis
815 4333 883 4398 in
916 4333 1214 4402 oratione
1240 4336 1430 4403 locus
1467 4332 1766 4408 concedi.
1832 4330 2221 4419 ltaque'has
2254 4331 2619 4422 particulas
2661 4343 2777 4399 aut

547 4446 705 4526 post
763 4434 928 4503 illud
984 4436 1302 4525 verbum,
1369 4437 1457 4505 ad
1511 4436 1699 4527 quod
1741 4436 2117 4527 pertinent,
2173 4444 2287 4504 aut
2325 4442 2482 4526 post
2537 4458 2776 4504 eorum
