3284 5159
1190 449 1370 512 Llss.
1417 449 1491 512 11.
1582 447 1778 516 cAP.
1818 455 1880 516 4.
1924 454 1988 517 5.
2611 455 2699 520 98

480 639 711 706 licebit
738 638 943 707 etiam
988 639 1077 707 de
1121 639 1226 707 his
1257 638 1480 707 verbis
1522 640 1822 708 eiusdem
1859 638 2199 732 scriptoris
2233 638 2319 713 V.
2356 637 2480 709 82.
2516 641 2696 710 iudi-

483 765 678 810 care·
763 741 929 837 περὶ
989 736 1259 840 ταύτης
1310 737 1409 813 ὦν
1471 742 1597 837 τῆς
1659 744 2035 838 συμφορῆς
2099 749 2171 815 οἱ
2226 737 2697 838 Ἐπιδαύριοι

482 846 832 937 ἐχρέωντο
877 849 954 917 ἐν
1003 845 1396 940 Δελφοῖσι·
1466 872 1509 940 η
1556 846 1632 917 δὲ
1670 845 1923 941 Πυθίη
1959 848 2180 939 σφέας
2217 848 2491 919 ἐκέλευε
2531 848 2696 920 Δα-

479 946 646 1040 μίης
689 973 770 1017 τε
825 945 945 1019 καὶ
1004 943 1363 1043 Αὐξησίης
1406 940 1797 1039 α’γαλματα
1841 942 2326 1070 ἱδρύσασθαι,
2388 948 2511 1021 καί
2566 975 2697 1044 σφι
2779 949 2786 952 ’

480 1050 1031 1142 ἱδρυσαμένοισι
1073 1046 1372 1140 ἄμεινον
1419 1048 1926 1121 συνοίσεσθαι·
1993 1042 2425 1144 ἐπειρώτεον
2470 1078 2569 1124 ων
2622 1056 2697 1123 οἱ

477 1145 971 1246 Ἐπιδαύριοι,
1024 1145 1288 1245 κότερα
1330 1151 1600 1240 χαλκοῦ
1625 1152 2004 1225 ποιέονται
2039 1145 2139 1223 τοῖ
2164 1146 2592 1245 α’γαλματα,
2646 1150 2695 1250 ἢ
2754 1227 2760 1232 ,

480 1253 720 1326 λίθου.
823 1252 1304 1322 Valckenarius
1351 1252 1465 1320 hic
1507 1255 1897 1326 ποιέωνται
1937 1254 2362 1322 scribendum
2391 1257 2694 1347 putabat,

482 1357 589 1423 cui
617 1355 1054 1458 adstipulatus
1083 1364 1187 1424 est
1208 1356 1603 1424 Werferus
1584 1379 1654 1424 m
1680 1356 1832 1424 Act.
1864 1356 2139 1429 Monac.
2167 1356 2223 1428 1.
2253 1381 2324 1449 p.
2358 1357 2530 1431 231.
2551 1381 2693 1449 seq.

482 1466 548 1526 et
601 1458 747 1549 quis
797 1463 932 1527 non
985 1460 1184 1527 facile
1230 1457 1642 1539 adducatur,
1710 1468 1786 1526 ut
1831 1459 1899 1527 in
1946 1459 2258 1528 eamdem
2304 1460 2697 1529 seutentiam

482 1560 858 1629 concedat?
919 1562 1013 1630 Et
1056 1571 1316 1645 tamen,
1365 1562 1492 1630 nisi
1534 1562 1769 1646 fallor,
1820 1571 2002 1630 recte
2031 1570 2299 1631 tuentur
2340 1563 2494 1630 libri
2527 1563 2695 1632 indi-

482 1665 770 1732 cativum
787 1712 808 1748 ,
860 1687 995 1733 non
1027 1665 1213 1756 quod
1254 1688 1388 1734 non
1435 1665 1700 1733 licuerit
1730 1666 1827 1733 uti
1868 1666 2321 1734 coniunctivo:
2372 1688 2529 1734 nam
2565 1666 2691 1734 de-

479 1766 624 1834 buit
652 1767 767 1836 ille
800 1768 999 1835 etiam
1034 1768 1197 1861 poni
1213 1822 1233 1859 ,
1286 1769 1340 1836 si
1373 1767 1843 1858 quaerebatur,
1894 1790 1978 1835 ex
2007 1790 2141 1858 qua
2173 1769 2451 1836 materia
2478 1791 2690 1861 opor-

477 1877 652 1937 teret
677 1871 1108 1939 statuas'illas
1146 1872 1329 1939 fieri:
1380 1870 1503 1939 sed
1534 1869 1719 1961 quod
1751 1892 1836 1939 eo
1875 1891 2009 1938 non
2041 1893 2215 1961 opus
2245 1880 2407 1944 erat.
2512 1873 2693 1940 Nam

479 1995 688 2062 quum
728 1974 864 2041 iam
911 1983 1166 2042 certum
1214 1971 1423 2060 esset,
1493 1972 1745 2041 debere
1783 1973 1948 2063 poni
1996 1981 2279 2059 statuaS,
2348 1975 2500 2042 satis
2551 1983 2694 2043 erat

477 2076 572 2143 ita
631 2076 898 2166 quaeri:
994 2099 1183 2169 quas
1216 2076 1558 2169 ponimus
1615 2084 1913 2144 statuas
1944 2074 2370 2168 facimusne
2425 2099 2690 2147 aereas

479 2200 579 2250 an
640 2176 1038 2272 lapideas?
1115 2180 1292 2250 Vide
1344 2180 1471 2250 alia
1526 2179 1763 2249 similia
1832 2178 2021 2271 apud
2087 2179 2472 2249 Werferum
2537 2182 2581 2250 l.
2640 2182 2687 2254 l.

476 2305 554 2374 p.
589 2280 761 2350 232.
791 2305 982 2373 seqq.

904 2437 911 2446 .
1541 2490 1622 2562 V·

634 2640 771 2710 De
821 2641 926 2715 ἄν
981 2665 1170 2712 cum
1214 2642 1806 2713 coniunctivo
1859 2640 2511 2713 deliberativo.

682 2795 827 2863 Iam
859 2797 1001 2864 sive
1029 2796 1490 2865 deliberationi
1528 2798 1667 2865 sive
1703 2796 2143 2866 exhortationi
2180 2796 2495 2864 inserviat
2523 2818 2689 2864 con-

476 2897 837 2987 iunctiVuS‚
891 2923 1122 2967 carere
1156 2923 1310 2968 eum
1349 2899 1680 2991 particula
1725 2899 1816 2971 ἄν
1844 2901 1967 2968 viri
2013 2899 2193 2967 docti
2234 2899 2688 2966 observarunt.

477 2999 681 3087 Vide,
736 3023 904 3090 quos
948 3003 1496 3071 commemoravit
1537 3001 1869 3071 Matthiae
1902 3004 1971 3070 in
2003 3002 2126 3074 Gr.
2166 3024 2270 3093 gr.
2304 2995 2376 3097 §.
2411 2996 2583 3073 515.
2619 2999 2687 3068 2.

478 3111 615 3173 not.
660 3102 731 3176 l.
768 3106 838 3171 in
867 3106 1098 3198 primis
1130 3106 1574 3174 Schaeferum
1612 3107 1680 3173 in
1723 3106 2069 3174 Meletem.
2103 3128 2197 3177 cr.
2236 3103 2457 3197 1297.
2496 3127 2685 3195 seqq.

477 3204 624 3273 Sed
655 3228 988 3292 caussam,
1042 3232 1160 3276 cur
1181 3209 1271 3277 ita
1311 3210 1426 3295 sit,
1472 3232 1671 3277 nemo
1699 3210 2042 3300 explicuit.
2144 3208 2416 3276 Dictum
2445 3216 2547 3277 est
2571 3231 2688 3276 su-

477 3330 641 3399 pra,
712 3312 1072 3402 particulas
1130 3311 1223 3383 ἆν
1265 3321 1335 3381 et
1375 3311 1493 3384 κέν
1545 3312 1995 3381 conditionem
2042 3310 2438 3401 significare.
2543 3310 2689 3379 lam

479 3413 1050 3498 quemadmodum
1090 3415 1157 3481 in
1203 3416 1557 3483 indicativo
1593 3417 1828 3505 ἔλεγεν
1865 3413 1957 3487 ἄν
1995 3413 2278 3482 vidimus
2308 3414 2490 3484 idem
2518 3436 2689 3500 esse,

480 3514 667 3602 quod
696 3517 965 3610 ἔλεγεν,
1021 3519 1092 3589 εἰ
1124 3519 1397 3610 ἔλεγεν,
1449 3518 1543 3585 ita
1585 3516 1825 3585 eadem
1854 3517 1925 3584 in
1958 3518 2234 3586 caeteris
2262 3517 2480 3585 modis
2518 3517 2688 3585 ratio

478 3617 755 3691 obtinet.
862 3619 1128 3705 Quodsi
1157 3621 1265 3688 vel
1300 3620 1713 3688 deliberandi
1747 3621 1855 3689 vel
1890 3619 2292 3689 adhortandi
2322 3642 2552 3688 caussa
2583 3619 2690 3687 di-

482 3742 708 3805 cereS,
760 3723 1074 3815 λέγωμεν
1121 3722 1247 3809 ἄν,
1299 3722 1464 3804 nihil
1508 3723 1579 3790 id
1609 3723 1793 3790 aliud
1838 3723 2053 3808 foret,
2106 3745 2307 3812 quam
2349 3724 2686 3814 λέγωμεν,

481 3824 551 3893 εἰ
555 3825 910 3917 λέγωμεν.
976 3823 1148 3894 Vide
1176 3847 1360 3910 vero,
1414 3825 1576 3915 quid
1600 3826 1737 3893 hoc
1765 3826 1867 3899 sit.
1937 3824 2119 3893 Nihil
2149 3825 2458 3916 profecto
2485 3824 2687 3909 aliud,

478 3947 682 4012 quam
713 3924 1102 4005 debeamus
1145 3928 1395 3998 dicere
1411 3977 1430 4011 ,
1485 3930 1550 3998 si
1580 3926 2006 4014 debeamus,
2059 3929 2169 3996 vel
2197 3928 2461 3996 brevius
2478 3975 2500 4013 ,
2555 3928 2687 3996 de-

480 4025 690 4097 beam
715 4028 933 4122 sorte
978 4031 1245 4103 dicere.
1347 4032 1441 4100 At
1485 4033 1576 4099 ita
1619 4055 1767 4101 rem
1801 4032 2142 4099 fortuitam
2195 4031 2409 4100 habes
2425 4081 2446 4118 ,
2512 4053 2687 4122 quae

480 4131 624 4199 fieri
657 4133 937 4223 debeat,
990 4135 1044 4203 si
1067 4134 1207 4203 fors
1239 4135 1332 4203 ita
1361 4134 1571 4224 ferat,
1623 4136 1742 4203 ut
1725 4158 1795 4202 ιιι
1822 4135 2187 4203 Homerico
2214 4135 2330 4201 illo
2346 4186 2368 4223 ‚
2443 4185 2451 4192 .

686 4313 750 4358 ει
786 4287 870 4360 δέ
892 4313 971 4359 ue
998 4314 1102 4385 μη
1140 4281 1448 4377 δωωσιν,
1511 4281 1649 4382 ἐγω
1677 4291 1761 4362 δέ
1784 4316 1902 4361 κεν
1944 4313 2165 4368 αυτος
2193 4291 2482 4379 ἕλωμαι

478 4438 573 4507 At
599 4439 717 4508 ubi
745 4399 1098 4530 deliberas,
1148 4463 1284 4512 non
1310 4441 1475 4533 quid
1509 4441 1686 4510 forte
1715 4440 1988 4527 debeas,
2041 4442 2086 4513 i.
2120 4464 2183 4514 e.
2216 4438 2379 4531 quid
2412 4439 2685 4525 debeas,
