3284 5159
588 423 749 509 les⁸
1037 373 1042 381 ’
1256 419 1376 483 DE
1443 416 1998 484 PAnvaLA
2041 413 2128 489 sn

1651 665 1740 739 V.

1244 815 1394 887 De
1460 817 1584 891 ἄν
1648 816 2147 911 repetito.

800 971 1283 1063 Pervulgatum
1316 981 1416 1040 est
1438 1023 1459 1054 ‚
1513 969 1605 1043 ἄν
1642 971 2001 1039 indicativo
2048 979 2116 1038 et
2164 967 2456 1061 optativo
2502 968 2799 1036 iunctum

592 1073 813 1142 iterari
832 1121 852 1156 ,
903 1084 978 1143 ut
1007 1075 1110 1143 bis
1142 1084 1326 1143 terve
1364 1076 1431 1142 in
1466 1074 1708 1142 eadem
1736 1075 2058 1142 sententia
2088 1071 2377 1163 positum
2407 1072 2794 1140 inveniatur.

591 1175 859 1245 Eadem
888 1178 1056 1245 ratio
1091 1177 1272 1244 cadit
1304 1179 1501 1246 etiam
1535 1178 1605 1243 in
1632 1177 2025 1244 infinitivum
2057 1187 2125 1244 et
2145 1175 2590 1268 participium,
2642 1177 2817 1266 quia,

592 1278 726 1347 hae
750 1281 942 1348 verbi
962 1289 1191 1371 partes
1218 1280 1382 1349 nihil
1408 1280 1532 1349 nisi
1562 1303 1954 1348 conversam
1981 1302 2064 1347 ex
2086 1278 2438 1349 indicativo
2464 1279 2576 1346 vel
2604 1287 2798 1371 opta·-

593 1383 733 1450 tivo
767 1383 1139 1452 orationem
1177 1385 1534 1452 continent.
1638 1382 1784 1453 Sed
1818 1382 1886 1449 id
1933 1405 2070 1450 non
2100 1392 2357 1453 temere
2384 1381 2532 1449 fieri
2571 1404 2796 1475 posse,

593 1500 838 1577 sponte
880 1495 1089 1578 patet.
1195 1486 1367 1555 Sunt
1409 1496 1633 1555 autem
1689 1485 1825 1554 duo
1871 1484 2091 1573 modi,
2158 1484 2391 1574 quibus
2438 1485 2654 1576 repeti
2703 1483 2797 1557 ἄν

590 1597 838 1679 potest,
876 1612 1066 1678 unus,
1100 1611 1311 1680 quum
1340 1590 1646 1682 pluribus
1676 1589 1897 1673 verbis
1926 1588 2332 1681 interpositis
2362 1589 2442 1656 ab
2471 1610 2555 1657 eo
2583 1588 2796 1656 verbo

594 1691 869 1780 quicum
900 1693 1218 1785 coniungi
1249 1692 1496 1763 debeat
1519 1693 1783 1785 longius
1819 1694 2121 1761 avulsum
2151 1701 2285 1781 est,
2338 1714 2533 1781 quam
2560 1701 2636 1759 ut
2662 1713 2810 1758 nonx

590 1793 895 1862 videatur
925 1796 1331 1865 concinnitas
1358 1797 1673 1864 orationis
1700 1797 2166 1888 repetitionem
2207 1796 2540 1884 requirere
2554 1846 2575 1881 ‚
2628 1796 2797 1862 alter

590 1897 707 1985 qui
737 1906 841 1966 est
880 1899 1087 1991 longe
1125 1898 1698 1990 frequentissimus
1717 1949 1737 1986 ,
1791 1922 1999 1989 quum
2036 1901 2108 1966 iu
2149 1909 2347 1992 parte
2393 1899 2607 1987 aliqua
2647 1920 2796 1965 sen·

589 2001 832 2069 tentiae
872 2001 1168 2074 iteratur.
1272 2003 1483 2071 Plane
1515 2004 1696 2070 enim
1736 2002 1976 2071 eadem
2002 2001 2200 2071 huius
2233 2001 2591 2092 particulae
2625 2003 2794 2069 ratio

590 2113 724 2190 est,
774 2127 953 2194 quae
984 2114 1086 2174 est
1123 2106 1576 2197 negationum.
1679 2104 1950 2174 Etenim
1989 2103 2555 2196 quemadmodum
2586 2128 2796 2195 quum

591 2205 682 2274 ad
700 2216 911 2275 totam
937 2208 1329 2277 sententiam
1340 2210 1636 2301 pertinet
1661 2210 1955 2300 neg-atio,
1984 2211 2208 2278 iterari
2233 2207 2298 2274 in
2318 2208 2613 2301 partibus
2632 2208 2795 2298 qui-

592 2309 881 2379 busdam
909 2311 1233 2399 solet‚„ut
1270 2308 1399 2384 οὐκ
1442 2313 1644 2391 ἔστιν
1676 2308 1954 2392 οὐδείς,
2000 2314 2094 2381 sic
2131 2312 2369 2399 etiam,
2421 2334 2625 2402 quum
2654 2320 2797 2379 tota

593 2415 914 2485 sententia
963 2414 1421 2485 conditionalis
1465 2423 1600 2500 est,
1665 2413 1952 2483 refertur
1997 2438 2078 2483 ea
2130 2413 2421 2483 conditio
2464 2416 2666 2487 etiam
2706 2414 2797 2482 ad

590 2523 818 2607 partes
869 2518 1007 2586 eius
1049 2517 1422 2610 primarias.
1525 2518 1633 2586 De
1679 2540 1762 2584 ea
1804 2539 1881 2585 re
1930 2517 2067 2585 dixi
2108 2516 2198 2586 ad
2234 2517 2463 2610 Viger.
2500 2543 2575 2612 p.
2620 2516 2793 2587 814.

593 2641 783 2708 seqq.
889 2618 1061 2687 Sunt
1102 2630 1325 2689 autem
1373 2628 1603 2713 partes
1654 2620 1807 2688 illae
1847 2622 2050 2710 tales,
2116 2631 2193 2690 ut
2229 2620 2485 2690 addant
2524 2621 2797 2712 aliquid,

538 2802 545 2807 ,
589 2721 779 2811 quod
802 2721 916 2790 illa
941 2720 1329 2816 principalis
1355 2724 1719 2793 sententiae
1744 2725 2001 2794 ratione
2030 2724 2380 2794 afficiatur.
2483 2725 2566 2793 Id
2589 2723 2797 2792 modo

589 2833 690 2894 est
716 2827 1180 2919 participium,
1235 2837 1306 2895 ut
1337 2829 1407 2897 in
1439 2824 1619 2895 Oed.
1648 2827 1737 2896 R.
1780 2825 1954 2897 828.

793 2974 1104 3075 ἆρ’,ούκ
1156 2975 1294 3053 (ἐπ’
1344 2977 1553 3073 ω’μοῧ
1601 2978 1841 3052 ταῦτα
1896 2973 2240 3073 δαίμονός
2289 3008 2401 3061 τις
2451 2979 2543 3052 ἄν

793 3081 1051 3178 κρίνων
1108 3078 1226 3156 ἐπ’
1278 3078 1492 3181 ἀνδρὶ
1538 3078 1716 3177 τῷδ’
1768 3081 1860 3155 ἄν
1914 3080 2180 3179 ὀρθοίη
2233 3076 2494 3177 λόγου
2608 3113 2617 3123 ·

522 3324 525 3325 ⁷
587 3235 797 3306 modo
826 3236 1125 3306 conditio
1157 3236 1344 3304 aliter
1371 3258 1719 3329 expressa,
1771 3246 1845 3304 ut
1867 3237 1936 3304 in
1964 3235 2238 3304 Electra
2267 3260 2327 3302 v.
2363 3235 2533 3308 333.

1752 3385 1923 3470 ὄπ’
1974 3388 2065 3461 ἄν
2117 3392 2188 3463 εἰ
2235 3391 2493 3468 σθένος

793 3485 1139 3586 λα’βοιμι,
1195 3487 1592 3590 δηλώσαιμ’
1641 3491 1737 3565 ἄν
1790 3487 1894 3564 οἷ’
1947 3487 2196 3605 αὐιτοῑς
2247 3490 2523 3587 φρονῶ·

587 3657 654 3715 et
683 3647 752 3714 in
789 3647 1017 3739 Antig.
1051 3643 1223 3717 466.

1578 3770 1744 3873 ‹ii-2⁸
1788 3798 1880 3872 ἂν
1933 3800 2005 3872 εἰ
2049 3791 2183 3871 τόν
2235 3803 2307 3882 ἐξ
2358 3796 2528 3892 ἐμῆς
2614 3858 2618 3863 .

791 3897 1069 4000 μητρός
1121 3896 1438 3978 θανόντ’
1493 3900 1841 3977 ἄθαπτον
1893 3898 2205 4000 ἑσχόμην
2256 3902 2503 3989 νέκυν,

792 4007 1050 4088 κείνοις
1100 4006 1192 4080 ἄν
1243 4005 1546 4104 ἤλγουν·

583 4169 653 4230 et
682 4161 751 4228 in
793 4158 971 4232 Oed.
1002 4161 1092 4234 R.
1126 4159 1351 4234 1438.

790 4300 1043 4411 ἔδρασ’
1098 4312 1234 4401 ὅν,
1287 4309 1366 4386 οὗ
1415 4308 1628 4395 τοῦτ’
1682 4308 1846 4385 ἴσθ’
1900 4310 2035 4399 ἄν,
2092 4312 2161 4382 εἰ
2206 4303 2313 4405 μή
2354 4312 2495 4383 τοῦ
2545 4312 2733 4385 θεοῦ
2863 4360 2867 4364 -

791 4410 1157 4516 πρώτιστ’
1210 4417 1503 4514 ἔχρῃζον
1554 4418 1905 4507 ἐκμαθεῖν
1956 4413 2034 4487 τί
2084 4414 2464 4510 πρακτέον.
