3284 5159
1128 494 1133 499 .
1207 435 1374 499 Lm.
1416 436 1520 499 111.
1609 434 1804 506 CAP.
1849 440 1949 504 11
2570 445 2695 508 173

479 630 572 698 Αι
613 626 814 696 facile
842 625 1152 695 codicum
1196 626 1672 716 quorumdam
1689 629 2020 721 scriptura
2056 623 2293 728 πάσχῃ
2320 639 2688 702 monstram

478 741 742 826 potest,
796 730 1224 799 scribendum
1256 739 1403 800 esse
1437 727 1602 805 εὖτε
1635 758 1775 830 γαρ
1810 730 1902 811 ἄν
1929 725 2187 830 πάσχῃ.

685 834 921 903 Altera
963 834 1366 903 constructio
1391 835 1758 928 particulae
1793 833 1885 907 ἄν
1916 856 2071 903 cum
2106 836 2456 929 optativo
2436 860 2505 904 ιιι
2533 847 2688 906 sen-

479 937 687 1007 tentia
719 937 1141 1005 conditionali
1178 960 1274 1005 ea.
1293 947 1427 1022 est,
1478 959 1653 1026 quae
1690 938 2089 1030 particulam
2123 960 2278 1006 cum
2309 940 2464 1030 ipso
2496 941 2692 1033 iungi

479 1042 778 1133 optativo
806 1040 1122 1130 postulat,
1166 1038 1460 1129 facitque
1477 1048 1553 1107 ιιι
1578 1041 1689 1108 vel
1714 1063 1918 1132 posse
1944 1041 2106 1130 quid
2133 1042 2300 1128 fieri,
2350 1043 2462 1110 vel
2488 1044 2691 1132 quid-

480 1143 645 1234 quid
676 1144 875 1211 etiam
899 1143 1040 1209 sine
1075 1143 1403 1236 particula
1440 1142 1869 1212 conditionali
1895 1146 2225 1237 optativus
2259 1167 2412 1212 cum
2438 1144 2531 1217 ἄν
2557 1168 2689 1213 no-

477 1255 579 1314 tat
629 1246 1055 1338 significetur.
1157 1241 1336 1313 Nam
1379 1244 1610 1313 differt
1651 1245 1788 1315 hoc
1825 1269 2041 1338 genus
2084 1246 2171 1314 ab
2217 1248 2367 1337 illo,
2423 1248 2513 1316 de
2552 1272 2689 1339 quo

481 1372 685 1440 supra
714 1348 987 1438 dictum,
1037 1348 1106 1416 in
1133 1370 1270 1437 quo
1297 1350 1631 1439 optativus
1660 1372 1791 1441 pro
1816 1358 2042 1419 rectae
2069 1351 2379 1419 orationis
2408 1352 2692 1435 coniun-

481 1454 659 1520 ctivo
693 1451 945 1544 positus
985 1458 1105 1524 est.
1210 1451 1290 1518 In
1332 1450 1435 1519 his
1478 1452 1702 1538 enim,
1760 1452 1848 1520 de
1895 1453 2134 1542 quibus
2166 1476 2341 1522 nunc
2384 1452 2687 1541 dicimuS,

481 1555 644 1622 nihil
688 1554 812 1622 nisi
869 1553 1195 1645 particula
1252 1553 1708 1624 conditionalis
1752 1556 1859 1624 vel
1901 1556 2113 1625 finalis
2167 1554 2257 1624 ad
2315 1558 2688 1648 optativum

481 1666 709 1726 rectae
758 1656 1067 1724 orationis
1122 1678 1277 1724 cum
1330 1683 1421 1728 αν
1471 1658 1901 1726 coniunctum
1952 1658 2233 1727 accedit.
2335 1659 2429 1727 Et
2465 1681 2693 1752 posse

482 1760 760 1851 quidem
795 1760 1210 1853 significatur
1236 1751 1405 1827 his
1384 1782 1454 1828 ιιι
1478 1759 1680 1830 locis:
1736 1760 2226 1883 Aristophanes
2252 1761 2430 1830 Nub.
2467 1762 2689 1833 1184.
2701 1784 2715 1798 ·

1723 1914 1794 1986 εἰ
1812 1905 1919 2008 μή
1948 1913 2082 2011 πέρ
2112 1908 2184 2005 γ’
2211 1909 2368 2007 ἅμα

687 2007 880 2112 ἀῦτη
909 2010 1184 2107 γένοιτ
1217 2013 1309 2121 αυ
1335 2012 1557 2112 γραῦς
1585 2042 1669 2089 τε
1694 2014 1812 2088 καὶ
1844 2017 1971 2089 υέα
1999 2009 2196 2114 γυνή.

480 2165 952 2260 Xenophontis
1001 2166 1261 2261 Cyl-op.
1306 2168 1422 2237 ΙΙΙ.
1472 2165 1598 2242 55.
1652 2194 1824 2249 τους
1857 2164 1927 2242 δ’
1972 2160 2454 2249 ἀπαιδεύτους
2492 2197 2687 2244 παν-

482 2264 803 2344 τάπασιυ
844 2266 1103 2366 ἀρετῆς
1142 2265 1603 2365 θαυμάζοιμ’
1628 2267 1759 2350 ἄν,
1815 2271 1998 2367 ἔφη,
2052 2298 2104 2343 ω
2151 2264 2579 2367 Χρυσάντα,
2623 2276 2700 2346 εἴ

483 2401 557 2445 τι
589 2374 805 2446 πλέον
844 2370 936 2445 ἀν
938 2368 1367 2497 ὠφελήσειε
1404 2367 1612 2467 λόγος
1646 2371 1870 2454 καλως
1900 2372 2144 2501 ρηθεις
2177 2375 2273 2453 εἰς
2308 2368 2691 2495 ἀνδραγα-

482 2476 663 2549 θίαν
717 2474 769 2572 ἤ
822 2500 992 2555 τους
1032 2470 1515 2557 ἀπαιδεύτους
1566 2474 1912 2572 μουσικῆς
1958 2471 2163 2571 ᾆσμα
2217 2468 2418 2568 μάλα
2466 2478 2694 2559 καλως
2785 2512 2789 2523 “

483 2574 715 2672 ᾀσθὲν
754 2580 850 2657 εἰς
877 2571 1249 2674 μουσικήν.
1351 2577 1530 2647 Vide
1567 2576 1879 2646 Aeschin.
1920 2578 2008 2647 de
2035 2579 2205 2647 falsa
2233 2579 2368 2671 leg.
2405 2603 2477 2672 p.
2516 2576 2690 2654 265.

481 2680 718 2753 Reisk.
759 2675 866 2774 (§.
899 2678 1019 2748 94.
1048 2705 1119 2774 p.
1163 2680 1335 2750 412.
1365 2680 1625 2770 Bekk.)
1677 2680 2027 2749 Demosth.
2057 2705 2128 2774 p.
2170 2678 2296 2766 44,
2340 2679 2459 2749 29.
2518 2681 2691 2768 196,

484 2782 604 2850 20.
656 2783 773 2851 ubi
820 2782 1177 2852 Bekkerus
1218 2783 1647 2852 indicativum
1688 2784 1827 2851 sine
1881 2810 1973 2856 αν
2011 2783 2272 2876 posuit3
2336 2780 2521 2871 582,
2571 2786 2693 2858 24.

484 2883 656 2971 748,
694 2882 810 2952 14.
864 2883 1185 2972 903,l9.
1219 2885 1444 2971 1108,
1475 2883 1545 2958 6.
1590 2883 1816 2975 1206,
1855 2884 2692 2993 21.1300,8.1337,8.

482 2990 619 3056 Pro
647 2989 871 3056 futuro
916 2999 1179 3073 autem,
1229 2989 1395 3058 utin
1434 2988 1750 3081 Xenoph.
1789 2987 2044 3080 Cyl-op.
2077 2989 2194 3058 IV.
2215 2936 2294 3075 2,
2329 2988 2449 3109 37.
2472 2981 2696 3083 ἄγετο

485 3094 643 3178 νῦν,
697 3091 851 3188 ἔφη,
905 3118 958 3162 ω
989 3089 1279 3187 ἄνδρες,
1325 3094 1398 3163 εἴ
1415 3118 1604 3171 τινες
1639 3088 1844 3183 υμῶυ
1874 3118 1971 3163 τα
2007 3091 2145 3185 μὲν
2177 3085 2363 3164 κακά
2386 3100 2693 3183 μισεῖτε,
2734 3085 2737 3088 ’

485 3188 781 3284 ἀγαθοῦ
832 3194 915 3265 δέ
961 3220 1157 3273 τινος
1206 3219 1356 3290 παρ
1441 3191 1644 3286 ἡμων
1693 3187 2088 3287 βουλοισθ’
2145 3221 2237 3267 αν
2293 3189 2694 3288 τυγχάυεινε

482 3294 659 3364 Vide
689 3296 950 3363 Platon.
977 3297 1252 3388 Protag.
1284 3321 1355 3388 p.
1394 3295 1568 3369 329.
1601 3296 1685 3364 Β.
1719 3297 1838 3365 ubi
1870 3295 2316 3365 conferendus
2342 3297 2696 3368 Heindor-

484 3398 612 3465 fius
643 3422 712 3489 p.
742 3394 915 3467 535.
968 3400 1127 3467 Νοιι
1161 3408 1346 3468 recte
1380 3422 1544 3468 vero
1574 3399 1740 3467 olim
1777 3398 2065 3468 indicavi
2099 3398 2187 3469 de
2226 3399 2497 3469 Pindari
2537 3424 2696 3471 ver-

484 3500 587 3569 bis
620 3501 827 3592 Pyth.
859 3501 976 3571 IV.
1007 3500 1182 3570 468.
1238 3499 1481 3592 (263.)

693 3656 763 3727 εἰ
782 3646 921 3751 γάρ
948 3680 1059 3734 τις
1091 3650 1292 3740 ὄζους
1325 3649 1653 3747 ὀξυτόμῳ
1683 3655 1959 3728 πελέκει

564 3766 575 3774 ’
692 3755 1056 3853 ἐξερείψαι
1089 3784 1208 3830 κεν
1243 3750 1559 3850 μεγάλας
1587 3750 1836 3854 ὃρυος,
1890 3751 2155 3848 αἰσχύ-

697 3886 812 3932 τοι
837 3862 925 3933 τέ
949 3865 1021 3932 οἱ
1048 3853 1332 3957 θαητου
1362 3855 1569 3940 εἶδος.

486 4007 772 4078 Videtur
794 4011 889 4079 ibi
926 4010 1103 4084 κέν
1082 4034 1151 4079 ιιι
1181 4009 1318 4104 μὲν
1349 4008 1742 4079 mutandum
1778 4033 1957 4079 esse:
2009 4033 2166 4079 nam
2199 4015 2698 4078 monstruosum
2735 4010 2739 4021 ’

487 4111 813 4209 ἑξερείψῃ
843 4126 963 4186 nst?
983 4112 1235 4182 habeat
1266 4114 1389 4183 sibi
1414 4115 1531 4204 qui
1560 4114 1824 4182 invenit.

688 4215 955 4284 Eadem
969 4266 991 4305 ‚
1055 4231 1260 4306 quam
1294 4216 1624 4310 particula
1669 4219 1741 4289 εἰ
1779 4238 1940 4285 vere
1993 4214 2452 4293 conditionalis
2494 4215 2700 4282 ratio-

487 4340 643 4386 nem
667 4317 898 4404 habet,
950 4321 1150 4388 etiam
1181 4328 1328 4389 tum
1359 4320 1635 4406 obtinet,
1689 4341 1897 4410 quum
1928 4318 2401 4412 interrogativa
2428 4326 2547 4404 est,
2601 4339 2700 4384 an
2797 4358 2800 4361 Δ

488 4420 890 4514 significans.
990 4423 1385 4517 Xenophon
1418 4421 1676 4515 Cyrop.
1708 4422 1761 4492 1.
1804 4420 1876 4513 6,
1915 4420 2029 4490 10.
2084 4420 2376 4520 ἐρωτᾷς,
2428 4420 2591 4518 ἔφη,
2643 4414 2703 4490 ὦ
2772 4426 2776 4433 ’
