3284 5159
1192 430 1367 491 LIB.
1414 430 1490 493 11.
1582 430 1777 495 cAP.
1824 378 1923 500 lo.
2553 438 2682 503 118

1510 775 1596 849 X.

512 927 646 998 De
685 925 1403 1022 pronominibus
1453 938 1542 998 et
1595 924 2089 1001 adverbiis
2141 951 2334 998 cum
2387 952 2618 1001 cou-

1328 1049 1769 1118 iunctivo.

649 1186 930 1254 Dicatur
954 1208 1128 1254 nunc
1158 1187 1248 1255 de
1287 1187 1799 1278 pronominibus
1818 1234 1839 1270 ,
1890 1208 1970 1252 ac
2003 1185 2226 1276 primo
2276 1186 2365 1255 de
2409 1184 2669 1280 prono-

439 1289 729 1358 minibus
765 1287 841 1368 ὃς
880 1296 948 1356 et
976 1285 1198 1375 ὅςτις,
1252 1313 1428 1379 quae
1469 1290 1782 1382 plerique
1808 1287 2118 1356 videntur
2152 1290 2292 1358 sine
2334 1293 2669 1380 particula

443 1391 538 1465 ἄν
582 1392 728 1461 fere
757 1401 1112 1483 poetarum
1146 1392 1415 1460 cuidam
1449 1393 1758 1461 licentiae
1786 1390 2142 1459 tribuenda
2160 1442 2182 1480 ,
2233 1416 2274 1460 a
2302 1416 2507 1484 prosa
2545 1418 2669 1464 au-

440 1505 580 1564 tem
611 1494 910 1563 oratione
940 1502 1009 1562 et
1039 1495 1393 1563 comoedia
1431 1496 1728 1564 arcenda
1756 1494 2154 1567 existimare.
2234 1496 2318 1564 In
2348 1520 2482 1587 qua
2507 1500 2670 1590 opi-

438 1598 640 1667 nione
677 1598 814 1665 hoc
853 1598 995 1665 veri
1037 1598 1240 1688 inest,
1296 1599 1485 1689 quod
1526 1608 1768 1691 poetas
1827 1619 1976 1683 eos,
2029 1599 2141 1688 qui
2176 1621 2315 1693 non
2357 1622 2668 1670 commu-

437 1724 599 1770 nem
641 1722 1023 1769 sermonem
1052 1701 1423 1788 imitantur,
1479 1702 1681 1770 etiam
1722 1701 1822 1769 ibi
1862 1700 2198 1768 interdum
2231 1702 2538 1772 omittere
2573 1703 2665 1777 ἂν

437 1803 777 1888 videmus„
834 1803 950 1870 ubi
979 1802 1140 1872 addi
1172 1814 1522 1896 potuerat3
1565 1805 1733 1872 illud
1762 1812 1985 1872 autem
2014 1803 2262 1871 falsum
2296 1815 2421 1893 est,
2476 1807 2666 1897 quod

437 1907 602 1975 nihil
648 1908 969 1976 interesse
1013 1916 1290 1998 putant,
1356 1929 1485 1977 nec
1530 1907 1794 1992 vident,
1854 1928 2284 1996 quocumque
2328 1909 2475 1998 quis
2512 1911 2664 1978 stilo

437 2018 683 2097 utatur,
716 2010 915 2079 etiam
949 2009 1204 2080 debere
1225 2010 1586 2102 aliquando
1615 2010 1922 2078 omittere
1956 2009 2378 2100 particulam.
2430 2012 2666 2104 Aper-

435 2114 686 2185 tissime
710 2112 783 2181 id
812 2112 1275 2184 demonstrare
1304 2123 1587 2207 possunt
1618 2113 1792 2181 haec
1821 2112 2030 2179 verba
2057 2112 2130 2180 in
2151 2112 2376 2206 lphig.
2404 2114 2475 2183 in
2501 2116 2659 2188 Aul.

439 2213 664 2284 1192.
698 2216 752 2285 si
793 2215 887 2283 sic
928 2216 1240 2311 legantur
1258 2271 1280 2312 ,
1330 2228 1406 2286 ut
1438 2240 1480 2286 a
1510 2217 1816 2286 Porsono
1864 2214 2065 2284 tacite
2107 2217 2358 2309 scripta
2390 2226 2542 2287 sunt
2574 2219 2664 2288 ad
2705 2243 2723 2255 ·

433 2317 693 2388 Phoen.
725 2316 949 2386 1373.

1269 2472 1378 2556 τίς
1408 2473 1485 2549 δὲ
1520 2472 1638 2547 καὶ
1669 2473 2203 2570 πρὸςβλέψεται

641 2574 919 2651 παίδων
947 2570 1021 2650 σ’
1041 2627 1063 2665 ,
1118 2573 1311 2651 ὅτων
1343 2576 1435 2651 ἄν
1464 2579 1923 2675 προθέμενος
1955 2569 2218 2673 κτάνῃς
2242 2569 2437 2649 τινά.

431 2728 752 2800 Alienum
786 2729 899 2798 hic
938 2727 1032 2802 ἄν
1067 2753 1214 2799 esse
1232 2780 1251 2817 ‚
1302 2739 1488 2799 recte
1536 2729 1705 2799 vidit
1736 2729 2045 2798 Bremius
2065 2778 2087 2816 ,
2137 2728 2241 2797 vir
2286 2729 2658 2803 eruditissi-

431 2855 613 2921 mus,
680 2831 748 2900 in
798 2833 1122 2924 symbolis
1181 2832 1613 2927 philologicis
1671 2832 2029 2902 Helvetiae
2075 2831 2209 2903 vol.
2269 2832 2322 2898 Ι.
2369 2855 2443 2923 p.
2481 2832 2656 2906 24⁰.

432 2935 563 3005 Est
593 2935 769 3002 enim
802 2937 917 3005 ille
933 2987 955 3025 ,
1006 2945 1082 3004 ut
1111 2937 1178 3003 in
1223 2961 1503 3007 censura
1535 2938 1799 3005 illarum
1837 2935 2293 3026 symbolarum
2320 2934 2488 3023 dixi,
2542 2958 2659 3004 so-

432 3038 810 3123 loecismus,
864 3039 1020 3129 quia
1045 3061 1184 3107 non
1224 3040 1312 3108 de
1355 3041 1913 3131 quibuscumque,
1967 3037 2091 3106 sed
2122 3035 2439 3106 decenis
2482 3038 2658 3108 libe-

432 3140 524 3210 ris
557 3164 779 3210 sermo
817 3152 940 3217 est.
1030 3144 1208 3210 Nam
1245 3166 1455 3233 quum
1484 3143 1621 3211 hoc
1651 3142 1878 3210 dicere
1901 3140 2064 3210 velit
2095 3139 2657 3230 Clytaemnestra,

435 3245 596 3338 quis
640 3253 712 3313 te
751 3245 1114 3340 adspiciet
1155 3245 1553 3316 liberorum
1601 3255 1934 3333 tuorum,
1992 3265 2299 3336 quorum
2339 3244 2658 3337 aliquem

434 3348 841 3438 occideris,
893 3371 1030 3417 non
1072 3350 1290 3443 magis
1330 3350 1553 3442 potuit
1582 3345 1775 3422 ὅτων
1815 3347 1906 3420 ἄν
1954 3346 2216 3433 dicere,
2270 3370 2478 3437 quam
2512 3349 2657 3417 La-

430 3451 568 3520 tine
598 3451 805 3537 dicas,
860 3473 1468 3545 quorumcumque
1498 3452 1816 3543 aliquem
1857 3449 2241 3519 occideris.
2347 3450 2530 3535 Quin
2566 3475 2656 3520 ne

432 3550 623 3627 ὅτων
653 3554 929 3643 quidem
943 3577 1075 3646 pro
1092 3551 1190 3626 ὦν
1210 3555 1322 3624 hic
1338 3563 1523 3624 recte
1542 3554 1820 3627 dictum.
1874 3554 2251 3642 Vtrumque
2266 3552 2433 3620 vidit
2460 3555 2659 3626 etiam

429 3655 798 3744 Matthiae,
854 3680 1058 3749 quem
1092 3668 1317 3727 tamen
1352 3659 1559 3727 miror
1575 3708 1596 3745 ,
1651 3658 1841 3749 quod
1873 3657 1940 3724 in
1979 3656 2121 3744 his,
2173 3678 2349 3751 quae
2385 3657 2659 3750 linguae

428 3759 695 3852 legibus
727 3783 1115 3853 repugnare
1141 3763 1288 3854 ipse
1324 3761 1592 3845 fatetur,
1647 3760 1813 3851 quid
1839 3750 2216 3829 soloecismi
2247 3759 2398 3828 insit
2428 3760 2659 3830 videre

432 3886 505 3931 se
533 3872 763 3957 negat.
869 3864 1252 3956 Sophocles
1282 3865 1537 3938 Electr.
1576 3863 1751 3936 771.
2525 3898 2528 3901 ·

1677 4012 1848 4089 οὐδὲ
1883 4007 2025 4109 γοῖρ
2060 4010 2287 4093 κακῶς

633 4109 994 4207 πάσχοντι
1018 4123 1230 4211 μῖσος
1270 4114 1371 4193 ὦν
1399 4120 1566 4217 τέκῃ
1596 4116 2118 4217 προςγίγνεται.

428 4279 496 4338 et
529 4291 597 4343 v.
632 4267 855 4341 1⁰61.

633 4422 712 4497 τί
741 4417 914 4505 τοῦς
949 4420 1239 4498 ἄνωθεν
1268 4417 1877 4522 φρονιμωτάτους
1906 4410 2243 4587 οἰοιὶνοτῖἰΙ
