3284 5159
591 423 680 484 σο
806 395 819 408 ’
998 363 1003 372 ’
1267 399 2133 479 σε’-ΡΑ.ιιιιονιΑᾶυ

518 609 822 700 Saepe
849 627 1013 675 vero
1045 605 1247 674 etiam
1280 601 1370 670 ad
1399 603 1859 696 praeteritum,
1912 602 2240 673 eiusmodi
2272 605 2569 694 quidem,
2623 607 2815 696 quod
2873 657 2879 663 -

595 710 1088 780 diuturnitatem
1119 708 1414 796 aliquam
1451 707 1562 774 vel
1590 706 2063 798 repetitionem
2090 706 2256 777 facti
2283 710 2594 781 continet.
2660 711 2814 779 He·-

593 814 869 910 rodotus
901 807 953 880 Ι.
992 809 1114 879 68.
1159 805 1203 906 ἦ
1237 835 1369 882 κου
1399 807 1519 897 ἄν,
1575 836 1628 881 ω
1665 814 1842 892 ξεῖνε
1871 803 2168 898 Λακων,
2225 813 2423 906 εἴπερ
2458 809 2636 893 εἶδες
2666 806 2813 885 τοὶ-

591 942 727 1013 περ
764 907 935 1007 ἐγω,
983 905 1217 1007 κάρτα
1254 938 1346 982 αν
1388 904 1823 1002 ἑθωύμαζες.
1930 912 2264 983 Miratus
2312 917 2529 984 esses.
2633 915 2813 984 Vide

594 1043 745 1111 cap.
775 1016 947 1085 170.
997 1016 1117 1083 ΙΠ.
1138 1009 1271 1085 ·.25
1324 1014 1404 1083 V.
1439 1012 1561 1082 48.
1612 1013 1796 1082 VIII.
1827 1014 1947 1083 30.
1999 1017 2346 1109 Aristoph.
2377 1018 2558 1086 Nub.
2588 1014 2812 1108 1056.

590 1119 942 1212 Antiphon
995 1143 1065 1211 p.
1094 1112 1268 1185 625.
1314 1114 1489 1189 644.
1537 1111 1711 1188 645.
1758 1114 1932 1186 688.
1984 1117 2157 1190 716.
2203 1119 2378 1193 718.
2419 1120 2591 1190 721.
2634 1121 2809 1195 733.

592 1224 768 1298 734.
850 1220 1226 1291 Dinarchus
1276 1243 1350 1311 p.
1411 1218 1532 1289 10.
1608 1220 1964 1314 Lycurgus
2011 1245 2082 1313 p.
2150 1221 2326 1296 179.
2421 1219 2812 1296 Andocides

592 1351 668 1422 p.
698 1325 823 1399 12.
856 1319 983 1399 50.
1034 1324 1260 1391 Isaeus
1291 1345 1364 1413 p.
1395 1316 1519 1398 53.
1575 1323 1811 1413 Lysias
1853 1347 1925 1415 Ρ.
1960 1323 2131 1396 171.

797 1425 1453 1518 Plusquamperfecti
1491 1448 1626 1493 non
1672 1426 1961 1495 obscura
2004 1428 2175 1495 ratio
2219 1436 2340 1495 est.
2444 1429 2814 1499 Aeschines

589 1535 658 1601 in
683 1529 986 1658 Ctesiph.
1018 1554 1094 1622 Ρ.
1128 1527 1302 1603 643.
1340 1552 1391 1596 s.
1444 1528 1561 1600 και
1599 1530 1754 1600 ἴσαι
1803 1534 1883 1601 αἱ
1924 1530 2160 1652 ψῆφοι
2197 1526 2399 1625 αὐτῷ
2440 1533 2811 1624 ἐγένοντο·

593 1638 665 1708 εἰ
691 1635 768 1707 δὲ
800 1633 938 1727 μία
984 1626 1218 1725 μόνον
1258 1632 1688 1723 μετεπεσεν,
1742 1626 2187 1753 ὑπερώριστ’
2228 1630 2367 1721 ἄν,
2421 1632 2469 1729 ἢ
2515 1630 2811 1708 α’πέθα-

592 1765 734 1811 ver
803 1735 1157 1827 Antiphon
1205 1758 1280 1826 Ρ.
1334 1731 1511 1805 689.
1568 1735 1638 1805 εἰ
1672 1732 1809 1825 μὲν
1853 1728 1993 1829 γοῖρ
2040 1726 2187 1807 ὕπο
2228 1735 2375 1808 τῶν
2420 1736 2709 1835 πληγῶν
2762 1734 2813 1810 ὁ

592 1833 775 1936 οένηρ
826 1836 1274 1961 παραχρῆμα
1319 1831 1724 1920 ἀπέθανεν,
1779 1831 1875 1907 ὑπ
1961 1835 2148 1928 ἐμοῦ
2193 1838 2354 1929 με’,ν
2409 1838 2695 1919 δικαίως
2738 1834 2813 1912 δ’

591 1942 682 2016 ἄν
733 1933 1125 2035 ἐτεθνήκει.
1176 1937 1565 2008 Andocides
1605 1961 1679 2029 Ρ.
1729 1934 1853 2011 45.
1910 1966 1973 2011 ει
2019 1963 2160 2031 γαρ
2210 1934 2473 2035 ἦλθεν,
2540 1937 2812 2015 ἐδέδετ’

591 2043 682 2118 ἄν
712 2048 790 2117 ἐν
824 2043 930 2137 τῷ
959 2037 1158 2163 ξύλῳ.
1208 2040 1561 2113 Demosth.
1592 2063 1723 2132 pro
1758 2063 1898 2114 cor.
1940 2064 2013 2132 p.
2048 2039 2221 2128 242,
2258 2040 2329 2115 9.
2386 2042 2540 2116 ἐπεὶ
2573 2038 2699 2117 δια
2732 2071 2815 2138 γε

594 2144 779 2239 υμᾶς
809 2137 1076 2224 αὐτους
1102 2137 1328 2218 πάλαι
1374 2171 1465 2215 αν
1497 2138 1960 2217 α’πολῶλειτε.
2064 2144 2169 2211 Ita
2213 2144 2415 2218 codd.
2469 2156 2542 2215 et
2576 2169 2812 2239 gram-

591 2248 869 2316 maticus
915 2248 986 2313 in
1024 2246 1328 2315 Bekkeri
1356 2245 1618 2318 Anecd.
1655 2246 1745 2322 T.
1781 2247 1835 2320 Ι.
1881 2270 1953 2338 Ρ.
2001 2245 2175 2335 126,
2221 2246 2342 2320 33.
2378 2249 2557 2317 Nam
2600 2271 2815 2341 prava

591 2349 1040 2440 quorumdam
1068 2350 1395 2418 librorum
1422 2347 1754 2439 scriptura
1782 2342 2228 2436 ἀπολώλατε,
2247 2373 2453 2439 quam
2478 2351 2813 2422 Matthiae

590 2455 658 2522 in
691 2477 797 2547 gr.
843 2452 969 2525 Gr.
1019 2448 1092 2547 §.
1128 2450 1303 2537 509,
1347 2447 1420 2525 5.
1453 2451 1522 2523 b.
1568 2474 1701 2544 pro
1733 2452 2027 2544 genuina
2073 2451 2397 2540 hahebat,
2446 2454 2679 2524 addito
2721 2453 2812 2528 ἄν

590 2557 751 2625 ferri
793 2557 976 2623 nullo
1009 2550 1216 2624 modo
1244 2562 1493 2646 potest.
1597 2553 1705 2623 Ac
1742 2556 1851 2624 vel
1882 2554 2071 2647 apud
2100 2555 2530 2643 scholiastam
2567 2557 2812 2627 Aristi-

592 2660 693 2729 dis
738 2660 828 2731 T.
881 2657 969 2730 11.
1015 2682 1089 2750 Ρ.
1154 2657 1322 2731 143.
1371 2679 1578 2746 quem
1637 2658 1866 2727 locum
1926 2659 2328 2728 Lobeckius
2372 2659 2462 2728 ad
2528 2661 2812 2731 Aiacem

587 2785 663 2856 p.
713 2756 886 2835 235.
919 2761 1262 2844 adhibuit,
1317 2752 1596 2857 εἰλήφει
1648 2760 1741 2833 ἄν
1766 2760 1954 2831 haud
1998 2769 2388 2831 cunctanter
2431 2783 2564 2857 pro
2621 2765 2813 2861 εἴλη-

591 2892 726 2961 φεν
778 2863 870 2937 ἄν
910 2865 1161 2957 reponi·
1205 2862 1521 2936 debebat.
1639 2864 1793 2932 Alia
1832 2865 2477 2959 plusquamperfecti
2521 2889 2676 2935 cum
2719 2866 2813 2940 ἄν

589 2968 922 3037 coniuncti
951 2968 1264 3060 exempla
1300 2965 1487 3058 apud
1519 2964 2052 3037 Demosthenem
2079 2977 2337 3037 exstant
2367 2992 2441 3062 p.
2479 2966 2654 3057 652,
2685 2969 2807 3043 21.

587 3069 765 3157 660,
801 3070 924 3149 20,
962 3069 1138 3160 667,
1182 3069 1304 3144 12.
1358 3066 1531 3157 680,
1571 3067 1696 3142 27.
1743 3068 1918 3156 726,
1961 3068 2084 3143 29.
2139 3067 2315 3159 855,
2347 3071 2472 3146 27.
2528 3071 2704 3162 867,
2736 3073 2807 3146 l.

587 3171 765 3266 889,
805 3172 930 3247 20.
984 3172 1160 3259 901,
1202 3173 1322 3246 ll.
1375 3169 1550 3258 916,
1585 3170 1707 3246 10.
1763 3171 1985 3257 1018,
2021 3169 2143 3247 14.

791 3277 1094 3345 Aoristus
1127 3277 1528 3369 plerumque
1561 3274 1650 3344 de
1679 3276 2048 3368 praeterito
2081 3284 2390 3369 tempore
2422 3286 2805 3370 usurpatur,

514 3371 525 3384 ’
585 3388 659 3448 ut
687 3403 801 3474 ap.
834 3378 1182 3471 Aristoph.
1212 3381 1389 3452 Rau.
1425 3376 1599 3451 732.

1625 3546 1818 3621 οἶσιν
1866 3542 1914 3643 η’
1959 3536 2171 3630 πόλις
2219 3542 2538 3673 προτοῦ

791 3648 961 3727 οὐδὲ
1014 3643 1513 3751 φαρμάκοισιν
1567 3649 1721 3747 εικῇ
1769 3646 2027 3747 ρᾳδίως
2075 3645 2427 3750 ἐχρήσατ’
2476 3676 2591 3723 αν.

585 3825 817 3910 Quum
847 3846 1009 3893 vero
1041 3823 1140 3891 ad
1169 3845 1488 3914 praesens
1532 3830 1800 3915 tempus
1843 3820 2169 3909 refertur,
2233 3832 2330 3891 est
2372 3821 2543 3890 illud
2590 3822 2680 3891 de
2721 3847 2806 3893 eo

584 3927 775 4017 quod
804 3928 937 3996 cito
970 3926 1317 4019 perficitur
1355 3924 1888 4018 intelligendum.
1990 3923 2095 3992 Ita
2147 3925 2333 4018 apud
2382 3924 2805 4020 Sophoclem

585 4029 764 4103 Oed.
798 4032 889 4104 R.
935 4028 1160 4103 1438.
1204 4051 1415 4119 quum
1448 4026 1759 4120 Oedipus
1801 4026 2106 4112 dixisset,
2153 4021 2377 4127 ρῖψόιν
2410 4054 2511 4122 με
2558 4026 2683 4124 γῆς
2729 4034 2804 4103 ἐκ

580 4129 859 4229 τῆςὸ”
813 4158 990 4206 οσοιν
1038 4157 1377 4223 ταχιστα,
1435 4128 1665 4200 Creon
1695 4130 2099 4224 respondet.

683 4298 934 4396 ἔδρασ’
985 4330 1125 4391 αν,
1180 4296 1264 4375 εὖ
1312 4298 1524 4376 τοῦτ’
1576 4298 1744 4375 ἴσθ’
1793 4299 1923 4388 οἷν,
1978 4304 2046 4375 εἰ
2090 4328 2196 4394 μη
2251 4300 2394 4373 τοῦ
2429 4289 2635 4375 ’θεοῦ

679 4398 1039 4498 πρώτιστ’
1091 4407 1384 4501 ἔχρῃζον
1434 4408 1788 4497 ἐκμαθεῖν
1836 4403 1917 4476 τί
1963 4406 2347 4498 πρακτέον.
