3284 5159
1222 366 1386 428 LIB.
1438 365 1532 425 tv.
1608 365 1803 427 cAP.
1849 371 1906 430 2.
2560 374 2680 438 181

472 550 675 631 α’λλοῖ
707 556 895 631 δοκοῖ
919 583 1049 650 μοι
1081 552 1219 629 ὦδε
1250 554 1343 627 ἄν
1373 552 1655 645 μᾶλλον
1685 549 2223 650 πεισθήσεσθαί
2257 583 2392 630 σοι.
2481 557 2686 627 Multi

472 660 674 729 codd.
710 658 1133 734 πείθεσθαι
1237 659 1315 726 Ιιι
1344 657 1664 750 Xenoph.
1699 658 1792 726 de
1832 682 1977 778 rep.
1985 660 2170 729 Lac.
2200 659 2377 730 Vlll.
2410 659 2479 728 3.
2546 663 2683 730 Al-

380 760 386 771 ’
471 760 865 857 ι1ἰιιιι.ὅσῳ
891 788 1033 886 γαρ
1053 758 1269 857 μείζω
1304 752 1688 854 δύναμινν
1646 788 1792 848 εχει
1819 757 1866 856 ή
1881 755 2088 856 α’ρχή,
2143 757 2469 858 τοσούτῳ
2494 765 2684 858 μαλ-

468 875 599 940 λον
629 894 722 939 αν
772 859 1136 962 ἡγήσαντο
1173 856 1407 958 αὐτην
1453 857 1929 958 καταπλήξειν
1970 890 2141 944 τους
2175 864 2488 946 πολίτας.
2592 870 2687 935 Αι

468 970 729 1037 Iuntina
787 969 1009 1037 omisit
1065 965 1174 1039 ἄν.
1279 964 1771 1033 Demosthenes
1814 988 1885 1057 p.
1931 964 2105 1055 776,
2156 965 2226 1040 3.
2281 965 2359 1039 τί
2403 995 2542 1064 γαρ
2590 968 2683 1044 ἂν

456 1060 738 1145 ’τοῦτον
771 1073 1019 1147 οἴεσθε
1048 1061 1379 1164 ποιήσειν
1412 1070 1784 1140 λυθέντων
1820 1095 1967 1140 των
2000 1062 2287 1162 νόμων,
2341 1069 2415 1150 ὃς
2452 1069 2683 1145 ὄντων

467 1173 730 1271 κυρίων
776 1165 1114 1252 τοιοῦτός
1152 1197 1392 1262 εστιν,
1442 1168 1800 1238 Bekkerus
1852 1194 1891 1237 e
1950 1171 2103 1239 cod.
2161 1171 2377 1240 Marc.
2422 1181 2681 1264 ποιεῖν,

467 1277 751 1345 caeteris
781 1276 966 1344 libris
990 1268 1321 1371 ποιήσειν
1356 1273 1714 1347 tuentibus.
1769 1273 1844 1341 P.
1882 1270 2106 1361 1225,
2145 1273 2264 1341 21.
2302 1273 2388 1371 ἢν
2431 1269 2567 1367 ἐγώ
2594 1273 2681 1350 οὐ

466 1372 734 1460 πολλας
786 1378 1075 1457 ἐλπίδας
1119 1373 1315 1464 εἶχον
1359 1375 1588 1462 ζωσαν
1628 1374 1720 1448 ἄν
1751 1369 2331 1472 καταλήψεσθαι.
2440 1376 2682 1447 Omisit

466 1510 559 1555 αν
589 1505 745 1551 cum
775 1481 915 1551 aliis
942 1480 1125 1549 libris
1161 1478 1541 1547 Bekkerus.

669 1585 750 1653 ln
789 1585 1019 1678 primis
1053 1592 1278 1650 autem
1328 1578 1839 1650 commemorari
1883 1581 2090 1650 debet
2125 1581 2263 1652 hoc
2293 1606 2365 1674 p.
2395 1581 2569 1672 860,
2605 1583 2676 1655 8.

463 1683 685 1760 ταῦτ
718 1687 916 1782 ἐμοῦ
965 1686 1604 1784 προκαλεσαμένου
1654 1682 1934 1756 πολλῶν
1984 1678 2368 1781 παρόντων
2417 1683 2543 1760 οὐκ
2589 1714 2681 1760 αν

465 1790 600 1888 ἔφη
628 1784 993 1912 ποιήσειν,
1048 1798 1123 1856 ιιι
1165 1789 1495 1880 scriptum
1543 1794 1646 1856 est
1683 1787 1755 1854 in
1796 1786 1948 1855 cod.
1996 1787 2307 1881 Lessing.
2411 1788 2681 1859 Caeteri

461 1893 614 1961 libri
644 1891 967 1988 ποιῆσαι,
1019 1891 1208 1982 quod
1235 1898 1522 1983 apparet
1550 1914 1591 1959 a
1626 1889 2076 1980 quibusdam
2056 1914 2128 1958 ιιι
2161 1883 2490 1986 ποιήσειν
2523 1917 2679 1962 ιιιιι-

422 2042 441 2054 -
462 1996 674 2063 tatum
705 2018 853 2064 esse
869 2045 889 2080 ‚
957 1996 1112 2085 quia
1149 2003 1384 2087 aperte
1415 1993 1620 2061 futuri
1672 1993 2231 2085 significationem
2256 1993 2483 2063 habet.
2587 1998 2679 2065 Ει

461 2107 688 2167 tamen
713 2100 875 2188 quin
906 2098 1208 2193 ποιῆσαι
1239 2097 1528 2190 genuina
1564 2095 1894 2188 scriptura
1926 2097 2010 2165 sit
2035 2105 2119 2164 e'o
2150 2098 2363 2165 minus
2391 2097 2679 2168 dubitari

459 2210 725 2293 potest,
779 2200 965 2291 quod
1001 2201 1198 2269 etiam
1229 2201 1660 2293 participium
1690 2199 1914 2269 aoristi
1945 2222 2098 2268 cum
2132 2227 2225 2271 αν
2252 2201 2678 2271 coniunctum

461 2304 551 2373 de
564 2305 792 2374 futuro
822 2304 1131 2389 dicitur,
1112 2325 1183 2370 m
1208 2326 1347 2406 quo
1374 2303 1657 2372 deberet
1686 2302 2022 2391 aliquanto
2051 2304 2265 2371 maior
2290 2326 2436 2373 esse
2455 2305 2675 2374 offen-

460 2408 578 2478 sio.
677 2408 788 2475 Ex
813 2406 919 2475 his
951 2405 1178 2500 colligi
1209 2416 1468 2500 potest,
1520 2427 1656 2474 non
1685 2407 1901 2498 magis
1932 2429 2084 2474 cum
2116 2407 2436 2475 infinitivo
2473 2409 2677 2476 futuri

461 2511 753 2578 construi
794 2508 928 2599 ἄν,
982 2532 1187 2600 quam
1221 2532 1377 2579 cum
1410 2511 1550 2578 eius
1582 2510 1913 2600 temporis
1940 2509 2298 2579 indicativo
2329 2520 2445 2579 aut
2473 2521 2675 2603 opta-

459 2614 617 2684 tiv'o.
725 2612 936 2698 Quod
965 2614 1020 2682 si
1051 2612 1214 2702 quid
1251 2614 1392 2713 veri
1433 2621 1537 2681 est
1565 2612 1634 2678 in
1668 2613 1784 2679 illa
1812 2612 2234 2705 grammatici
2271 2613 2456 2705 apud
2483 2615 2674 2683 Bek-

456 2715 701 2785 kerum
731 2715 1164 2785 'adnotatione
1183 2763 1204 2802 ,
1256 2738 1476 2805 neque
1513 2716 1570 2783 is
1588 2715 1940 2785 mendosis
1987 2724 2090 2783 est
2117 2715 2301 2788 libris
2332 2739 2527 2801 usus,
2580 2720 2673 2786 sie
2798 2804 2805 2815 ,

459 2814 585 2888 erit
619 2819 1158 2904 existimandum,
1213 2818 1423 2888 sicubi
1457 2818 1506 2891 ἆ
1512 2847 1548 2889 ν
1583 2819 1654 2885 ἰιι
1694 2820 1805 2886 illa
1855 2818 2339 2886 constructione
2379 2821 2672 2911 positum

457 2922 848 3010 inveniatur,
903 2922 1229 3010 similiter,
1281 2932 1356 2991 ιιι
1386 2945 1594 3014 supra
1617 2922 1689 2988 in
1723 2920 1864 2990 aliis
1894 2920 2335 2989 locutionibus
2364 2922 2670 3004 vidimus,

459 3049 616 3094 cum
645 3025 777 3094 alio
805 3027 1035 3117 potius
1065 3026 1290 3116 aliquo
1316 3026 1529 3150 verbf)
1555 3048 1702 3095 esse
1730 3024 2055 3093 brevitate
2084 3024 2376 3112 quadam
2406 3025 2670 3094 dicendi

458 3129 900 3200 coniunctum.
1004 3129 1120 3198 Sic
1164 3129 1276 3203 illa
1315 3121 1487 3219 τάχ’
1519 3156 1610 3201 αν
1652 3121 1937 3212 δώσειν,
1991 3122 2282 3198 οὐδὲν
2233 3155 2324 3198 αν
2360 3124 2671 3225 πεισθή-

458 3240 766 3321 σεσθαι,
822 3228 1081 3329 ρᾳδίως
1120 3259 1212 3303 αν
1240 3224 1811 3329 προςχωρήσειν,
1867 3230 1919 3296 si
1955 3238 2107 3299 sunt
2149 3230 2236 3298 ab
2287 3232 2666 3300 auctoribus

453 3334 580 3402 illis
611 3335 897 3425 scripta,
950 3332 1169 3401 studio
1206 3334 1321 3401 illo
1354 3334 1565 3402 multa
1597 3333 1829 3425 paucis
1866 3333 2359 3424 complectendi
2395 3336 2669 3403 defendi

452 3428 768 3530 possunt,
819 3437 1082 3537 quod'
1064 3460 1132 3504 ιιι
1177 3445 1402 3505 mente
1444 3436 1775 3503 haberent
1819 3428 2110 3524 δωσειν,
2165 3434 2282 3506 καὶ
2328 3430 2502 3527 τοῖχ
2546 3437 2666 3510 αν·

458 3567 541 3614 ου
575 3521 1160 3636 πεισθήσεσθαι,
1227 3535 1395 3612 ουδὲ
1440 3565 1517 3610 εν
1561 3536 1688 3610 ἄν·
1742 3531 2311 3634 προςχωρήσειν,
2365 3540 2483 3609 καί
2522 3567 2665 3637 ρᾳ-

454 3642 617 3723 δίως
657 3639 784 3717 ἄν·
836 3643 905 3711 ἰιι
934 3643 1175 3732 quibus
1212 3641 1517 3709 omnibus
1545 3641 1910 3709 verborum
1956 3639 2349 3707 eorumdem
2389 3644 2665 3735 optativi

454 3743 613 3844 δοίη
640 3796 661 3832 ,
713 3744 1134 3842 πεισθείην,
1179 3742 1621 3842 προςχωροίη
1656 3744 2129 3835 intelliguntur.
2207 3787 2212 3791 -

661 3847 1025 3917 Caeterum
1072 3857 1328 3919 tantum
1371 3847 1562 3938 abest
1598 3856 1709 3936 ut,
1775 3845 1962 3936 quod
2005 3844 2350 3913 Werferus
2394 3845 2554 3913 fecit
2596 3848 2663 3915 in

453 3952 607 4020 Act.
641 3949 915 4021 Monac.
952 3951 1084 4020 vol.
1113 3952 1168 4025 1.
1204 3975 1277 4043 p.
1310 3947 1481 4020 252.
1533 3949 1666 4017 hac
1706 3949 2191 4017 constructione
2217 3947 2314 4015 uti
2342 3947 2542 4015 liceat
2572 3949 2661 4017 ad

452 4052 545 4127 ’ἂν
595 4078 750 4122 cum
790 4054 1150 4122 indicativo
1192 4054 1397 4121 futuri
1430 4052 1932 4121 defendendum
1948 4103 1970 4141 ,
2019 4061 2096 4119 ιιι
2138 4051 2361 4142 potius
2393 4051 2659 4119 infiniti-

450 4180 571 4225 vus
622 4157 818 4225 huius
858 4157 1179 4249 temporis
1224 4179 1361 4226 non
1402 4156 1618 4249 possit
1655 4178 1810 4224 cum
1857 4178 1938 4223 ea
1973 4154 2304 4246 particula
2345 4156 2656 4242 construi,
2773 4196 2777 4200 Δ

452 4260 506 4327 si
534 4259 721 4328 idem
751 4270 1022 4352 tempus
1062 4284 1198 4330 non
1231 4260 1523 4354 patiatur
1554 4258 1984 4327 indicativum
2025 4281 2217 4326 suum
2258 4258 2367 4325 vel
2407 4259 2654 4348 optati-

449 4385 610 4431 vum
642 4364 703 4431 ei
737 4364 1119 4451 consociari.
1223 4365 1332 4433 De
1368 4372 1652 4453 utraque
1684 4386 1760 4431 re
1788 4361 1944 4430 alibi
1972 4361 2242 4432 dictum.
