3284 5159
612 425 707 487 ,18
1315 412 1433 475 DE
1487 412 2035 480 PARTICVLA
2077 410 2173 481 ἄν

628 633 766 703 que
808 607 1203 702 oppositum
1241 607 1610 700 cogitatur,
1652 600 1743 680 οὖ
1777 600 1926 701 μήν
1974 602 2125 692 ciel,
2174 606 2287 676 vel
2319 606 2649 698 quidquid
2701 604 2840 678 hu-
2943 691 2950 699 ,

630 714 919 785 iusmodi
948 733 1219 801 quoque
1245 713 1400 779 loco
1443 734 1552 779 res
1594 710 1890 799 requirit.
1991 711 2149 778 Non
2189 711 2472 803 impleta
2516 721 2744 788 autem
2787 711 2844 779 si

630 817 1017 909 intelligitur
1048 813 1402 903 conditio,
1428 823 1503 882 ut
1531 814 1773 906 ἔλεγον
1808 808 1940 901 ἄν,
1992 816 2063 885 εἰ
2099 808 2506 909 ἐβουλόμην
2516 868 2545 902 ,
2596 815 2841 883 veritas

632 922 794 990 facti
836 927 976 987 tota
1016 918 1300 1004 tollitur,
1351 916 1856 1005 affirmaturque
1903 925 2191 1005 tantum,
2245 917 2658 1008 impendisse
2700 918 2841 987 eius

633 1023 1079 1094 effectionem.
1149 1019 1351 1088 Vnde
1388 1020 1783 1113 oppositum
1807 1020 2159 1111 cogitatur,
2211 1014 2376 1093 ἀλλ’
2412 1024 2543 1093 οὐκ
2574 1022 2841 1114 ἔλεγον.

746 1143 749 1148 ·
834 1124 946 1192 Ex
994 1120 1099 1191 his
1140 1123 1363 1214 primo
1419 1124 1757 1215 colligitur
1778 1173 1799 1209 ,
1855 1123 2099 1213 ἔλεγον
2142 1119 2235 1195 ἄν
2265 1123 2332 1191 in
2377 1133 2666 1213 utroque
2709 1145 2841 1215 ge-

632 1250 830 1311 nere,
883 1234 952 1295 et
988 1226 1058 1292 in
1103 1248 1186 1292 eo
1223 1226 1411 1316 quod
1442 1228 1511 1294 in
1557 1250 1633 1295 re
1678 1226 1895 1312 facta,
1937 1234 2006 1294 et
2043 1225 2112 1292 in
2152 1247 2236 1293 eo
2275 1224 2464 1317 quod
2502 1226 2571 1293 in
2609 1249 2685 1295 re
2706 1249 2843 1294 non

631 1334 816 1401 facta
834 1336 1161 1420 versatur,
1213 1328 1522 1398 eamdem
1549 1329 1685 1399 vim
1712 1328 1987 1397 habere.
2054 1328 2234 1396 Nam
2277 1327 2466 1419 quod
2502 1329 2673 1397 aliae
2711 1329 2842 1397 lin-

631 1455 813 1528 guae
848 1431 1022 1500 haec
1056 1454 1312 1523 genera
1345 1432 1762 1521 discernunt,
1823 1438 1899 1499 ut
1941 1431 2183 1499 Latina
2203 1483 2225 1522 ,
2288 1454 2463 1522 quae
2499 1432 2570 1500 in
2625 1432 2842 1501 altero

635 1534 972 1607 dicebam
998 1532 1213 1628 fere,
1278 1535 1350 1603 in
1396 1537 1607 1604 altero
1667 1534 1991 1603 dicerem
2040 1543 2353 1625 usurpat,
2431 1534 2598 1607 nihil
2633 1535 2707 1603 id
2755 1534 2843 1602 ad

637 1640 941 1708 Graecos
961 1688 982 1724 ,
1035 1639 1152 1729 qui
1198 1637 1387 1727 quod
1428 1660 1783 1707 commune
1829 1637 2075 1705 horum
2113 1659 2444 1729 generum
2484 1647 2586 1708 est
2621 1639 2842 1732 respi-

635 1744 882 1814 cientes
897 1789 918 1821 ,
968 1741 1036 1808 in
1058 1751 1348 1831 utroque
1385 1741 1623 1809 eadem
1651 1741 1873 1809 forma
1896 1739 2164 1808 dicendi
2185 1748 2480 1808 utuntur.

832 1843 1096 1913 Deinde
1134 1844 1300 1912 illud
1331 1867 1604 1933 quoque
1644 1853 1964 1936 apparet,
2034 1865 2156 1910 cur
2170 1893 2191 1930 ,
2243 1844 2362 1912 ubi
2391 1866 2529 1912 non
2563 1841 2847 1935 impleta

632 1946 928 2015 conditio
958 1947 1366 2038 intelligitur,
1397 1947 1775 2016 necessario
1800 1945 2174 2038 praeteritis
2200 1947 2618 2039 temporibus
2642 1954 2845 2014 uten-

634 2049 800 2118 'dum
827 2050 931 2134 sit,
965 2061 1285 2139 praesens
1318 2059 1542 2119 autem
1564 2051 1762 2139 eique
1784 2071 2074 2141 compar
2092 2050 2496 2141 perfectum,
2548 2072 2628 2133 ac
2656 2049 2845 2116 futu-

540 2187 547 2194 ·
631 2175 782 2220 rum
822 2152 1281 2221 excludantur.
1381 2154 1558 2221 Nam
1610 2175 1832 2243 neque
1876 2152 2042 2242 quid
2089 2152 2363 2242 fuisset,
2414 2175 2637 2242 neque
2680 2150 2848 2243 quid

633 2277 811 2328 nunc
834 2261 1031 2340 esset,
1081 2278 1303 2345 neque
1339 2255 1504 2345 quid
1525 2256 1828 2323 futurum
1852 2263 2053 2343 esset,
2106 2256 2386 2347 cogitari
2421 2262 2668 2348 potest,
2720 2254 2846 2323 nisi

631 2358 771 2425 iam
827 2365 1112 2444 constet,
1177 2380 1314 2426 non
1372 2381 1519 2427 esse
1562 2358 1818 2425 factum
1858 2357 1930 2424 id
1947 2405 1968 2441 ,
2039 2358 2221 2426 unde
2265 2358 2390 2426 ista
2433 2358 2864 2450 pendebant·

636 2460 868 2543 Quare
895 2482 1104 2549 quum
1123 2459 1313 2545 illud,
1363 2481 1502 2528 non
1530 2484 1676 2529 esse
1713 2460 2062 2551 impletam
2090 2459 2562 2543 conditionem,
2614 2460 2748 2528 iam
2763 2460 2847 2529 sit

632 2585 741 2631 res
767 2563 1149 2654 praeterita,
1203 2564 1402 2632 etiam
1431 2586 1606 2654 quae
1640 2585 1727 2631 ex
1765 2564 1878 2630 illa
1911 2562 2292 2632 conditione
2318 2563 2727 2656 pendebant,
2777 2564 2846 2631 in

632 2664 1008 2757 praeteritis
1059 2674 1507 2740 numerantur.
1613 2664 1758 2734 Sed
1811 2688 1899 2734 ne
1955 2664 2103 2756 quis
2161 2666 2337 2756 forte
2391 2667 2845 2752 conturbetur,

636 2767 825 2859 quod
856 2790 994 2835 non
1034 2768 1385 2860 impletam
1426 2768 1878 2837 conditionem
1910 2790 2225 2837 vocamus
2244 2820 2266 2858 ,
2331 2792 2508 2859 quae
2543 2769 2846 2837 videatur

635 2871 886 2941 eodem
912 2871 1056 2939 iure
1103 2871 1380 2963 impleta
1420 2871 1553 2940 dici
1596 2895 1839 2964 posse,
1891 2871 2465 2962 quemadmodum
2474 2870 2845 2965 facerent,

634 2973 778 3043 nisi
803 2973 1096 3048 vetitum
1145 2983 1334 3054 esset
1365 2974 1551 3046 idem
1587 2984 1689 3044 est
1728 2973 1917 3063 quod
1945 2973 2295 3068 facerem
2348 2975 2413 3044 si
2450 2984 2641 3045 esset
2684 2975 2845 3044 lica·-

635 3085 830 3146 tum:
879 3078 1292 3146 monendum
1327 3086 1665 3170 putamus,
1716 3078 2167 3166 conditionem
2188 3102 2391 3171 posse
2419 3080 2531 3147 vel
2554 3078 2846 3147 affirma-

633 3179 841 3246 tivam
879 3180 990 3248 vel
1024 3181 1411 3271 negativam
1452 3205 1639 3269 esse,
1706 3182 2211 3271 qualiscumque
2262 3191 2488 3251 autem
2544 3183 2660 3267 sit,
2718 3203 2847 3250 no-

520 3337 534 3352 .
633 3282 887 3369 tionem
912 3284 1350 3373 spectandam
1385 3307 1532 3352 esse
1579 3307 1752 3370 eam,
1805 3306 1981 3375 quae
2020 3307 2104 3352 ex
2127 3285 2243 3353 illa
2282 3285 2661 3354 conditione
2697 3306 2847 3353 sus-

633 3406 848 3475 pensa
899 3394 1030 3455 est:
1079 3395 1154 3454 ut
1168 3384 1554 3478 facerem,
1605 3389 1717 3455 vel
1745 3410 1887 3456 non
1909 3386 2298 3481 facerem.-
2348 3412 2504 3457 nam
2551 3386 2845 3456 conditio
2973 3403 2977 3408 ·

635 3495 738 3554 est
766 3509 1020 3574 caussa,
1072 3512 1206 3578 qua
1235 3489 1400 3578 quid
1440 3491 1579 3559 fiat.
1683 3490 1923 3581 ltaque
1939 3491 2288 3586 facerem
2318 3492 2411 3560 sic
2438 3490 2845 3582 intelligitur,

636 3589 693 3657 si
729 3612 965 3658 caussa
996 3600 1172 3660 esset
1213 3593 1545 3662 faciendi:
1596 3601 1667 3661 at
1692 3616 1831 3662 non
1860 3602 1962 3663 est
2000 3617 2234 3663 caussa
2257 3593 2586 3663 faciendi.-
2635 3615 2846 3682 quare

636 3714 775 3786 non
803 3692 1018 3776 facio;
1067 3716 1214 3763 non
1233 3686 1581 3800 fite-erem
1610 3706 1855 3784 autem,
1906 3698 1961 3775 si
1987 3720 2221 3766 caussa
2244 3718 2383 3766 non
2408 3695 2699 3765 faciendi
2734 3719 2846 3765 es-

638 3804 776 3893 set:
828 3804 897 3863 at
936 3819 1075 3865 non
1118 3806 1224 3867 est
1265 3821 1500 3869 caussa
1538 3822 1684 3869 non
1715 3799 2036 3870 faciendi:
2078 3793 2218 3870 n'on
2259 3822 2431 3895 ergo
2474 3793 2616 3868 non
2644 3798 2845 3881 facio,

636 3897 680 3967 ἰ.
705 3920 764 3968 e.
794 3895 991 3971 facio.

839 4001 1150 4093 Denique
1185 4027 1351 4073 vero
1383 4005 1586 4075 etiam
1613 4003 1702 4080 de
1738 4004 2053 4098 impletae
2098 4003 2490 4075 conditionis
2517 3995 2846 4097 tempori-

631 4102 759 4170 bus
784 4102 1061 4176 iudicari
1086 4109 1355 4199 poterit.
1456 4110 1563 4177 Ac
1606 4108 1786 4177 dicat
1810 4109 1958 4198 quis
1989 4109 2265 4177 forsitan
2282 4157 2304 4196 ,
2358 4131 2534 4199 quae
2567 4109 2848 4200 impleta

636 4204 859 4295 aliqua
904 4209 1281 4279 conditione
1315 4214 1515 4297 fiant,
1565 4234 1703 4280 non
1742 4213 1958 4280 minus
1990 4212 2243 4280 debere
2281 4211 2628 4303 praeteriti
2670 4220 2847 4280 tem-

633 4310 817 4398 poris
849 4332 1033 4402 esse,
1087 4314 1245 4404 quia
1286 4313 1422 4383 hoc
1456 4335 1766 4406 quoque,
1818 4338 1966 4384 esse
2001 4316 2187 4408 illam
2232 4313 2680 4388 conditionem
2715 4314 2850 4381 im·-

632 4411 913 4502 pletam,
961 4437 1094 4507 pro
1120 4418 1487 4510 praeterito
1524 4417 1917 4489 habendum
1945 4418 2059 4489 sit:
2109 4418 2301 4488 aliter
2332 4417 2510 4487 enim
2543 4414 2848 4485 nondum
