3284 5159
1259 452 1430 513 LIB.
1474 452 1518 514 1.
1608 450 1801 513 CAP.
1850 454 1911 517 7
2459 479 2466 485 ·
2617 455 2706 519 25

495 674 587 718 αν
612 645 946 743 ἔγραψεν.
999 646 1388 717 Andocides
1409 646 1499 717 de
1530 654 1803 739 myster.
1820 668 1894 739 Ρ.
1915 642 2035 713 73.
2087 644 2320 715 Reisk.
2361 646 2478 716 ubi
2508 646 2704 718 Bek-

491 750 695 817 kerus
720 773 791 841 p.
823 748 996 821 146.
1021 752 1421 843 particulam
1452 753 1635 820 uncis
1659 750 1953 818 inclusit.
1999 744 2088 820 οὐ
2120 741 2261 845 γοῖρ
2295 751 2494 824 ἔστιν
2517 748 2704 832 ὅςτις

493 879 787 926 πωποτε
805 851 1008 945 υμῶν
1028 880 1311 949 παριων
1328 849 1463 950 τήν
1486 853 1720 926 οἰκίαν
1736 847 1871 974 τήν
1889 850 2252 948 ἡμετέραν
2281 847 2705 950 ἀνεμνήσθη

493 954 541 1052 ἢ
572 954 718 1050 ἰδίᾳ
754 984 831 1028 τι
862 954 910 1052 ἢ
955 955 1268 1081 δημοσίᾳ
1298 952 1519 1030 κακόν
1551 948 1815 1030 παθων
1849 950 1979 1028 v‘n
2009 952 2332 1044 ἐκείνων,
2388 962 2469 1027 οὶ
2504 955 2705 1029 πλεί-

496 1084 671 1138 στας
688 1065 826 1148 μὲν
845 1053 1469 1180 στρατηγήσαντες
1502 1055 1936 1180 στρατηγίας
1962 1048 2195 1129 πολλοῖ
2212 1051 2535 1154 τρόπαια
2555 1085 2704 1131 των

495 1160 858 1253 πολεμίων
885 1162 1004 1233 καὶ
1030 1155 1221 1235 κατοῖ
1247 1162 1381 1257 γῆν
1409 1190 1528 1282 και
1556 1189 1748 1234 κατα
1782 1153 2168 1233 θαλατταν
2201 1157 2378 1252 ὑμῖν
2406 1156 2704 1234 ἀπέδει-

497 1273 648 1349 ξαν,
700 1262 1033 1344 πλείστας
1062 1265 1138 1337 δὲ·
1156 1262 1385 1385 εοἵλλας
1412 1257 1639 1362 οἷρχας
1665 1261 2019 1384 ἄρξαντες
2034 1288 2152 1333 και
2176 1257 2518 1358 χρήματα
2547 1267 2706 1337 δια-

498 1364 938 1461 χειρίσαντες
979 1395 1075 1441 τα
1129 1365 1450 1462 ὑμέτερα
1503 1363 1715 1439 οὐδὲν
1757 1364 1850 1437 ἂν
1907 1356 2201 1436 πώποτε
2258 1360 2522 1458 ωφλον
2623 1366 2708 1440 ld

496 1491 621 1537 nos
650 1468 1060 1559 diceremus,
1113 1470 1236 1540 die
1265 1470 1470 1542 nicht
1499 1478 1694 1541 etwa
1718 1466 2073 1561 schuldig
2099 1468 2425 1537 wurden.

694 1621 983 1691 Rariora
1026 1632 1176 1693 sunt
1229 1607 1542 1716 exempla
1558 1674 1579 1711 ‚
1629 1623 1701 1690 in
1730 1621 1973 1711 quibus
2012 1642 2237 1710 neque
2278 1621 2346 1689 in
2376 1629 2708 1714 tempore,

497 1746 717 1816 neque
744 1726 813 1792 in
828 1728 1152 1817 personiS‚
1183 1728 1305 1796 sed
1330 1728 1396 1797 in
1424 1729 1583 1819 ipso
1608 1725 1793 1794 facto
1820 1723 2074 1815 aliquid
2098 1724 2351 1794 fortuiti
2379 1732 2501 1800 est.
2554 1726 2711 1795 Ho-

497 1851 719 1942 merus
748 1827 885 1901 od.
923 1832 984 1903 δ.
1018 1826 1191 1899 546.

703 1979 754 2079 ἢ
777 1977 916 2078 γάρ
949 2009 1081 2075 μιν
1113 1977 1292 2070 §esdr
1318 2011 1399 2077 γε
1422 1978 1804 2104 κιχήσεαι,
1843 1979 1894 2079 ἤ
1919 2007 2041 2055 κεν
2061 1975 2406 2102 Ὀρέστης

701 2089 979 2160 κτεῖνεν
1057 2081 1634 2183 ὑποφθάμενος,
1709 2112 1799 2160 συ
1862 2086 1947 2159 δέ
2002 2110 2123 2160 κεν
2187 2075 2434 2180 τάφου
2490 2076 2712 2158 ἄντι-

1606 2213 1613 2218 ·
1744 2180 2108 2286 βολῆσαις.

498 2342 646 2412 Nos
679 2342 1053 2413 diceremus
1070 2395 1091 2431 ‚
1145 2343 1329 2413 oder
1368 2366 1448 2414 es
1472 2343 1609 2413 hat
1635 2343 1761 2412 ilm
1785 2349 1979 2411 etwa
2011 2337 2315 2410 Orestes
2347 2338 2712 2431 getb‘dtet.

498 2447 724 2515 Nemo
766 2447 1299 2539 reprehenderet
1321 2499 1343 2537 ‚
1394 2449 1450 2516 si
1477 2448 1572 2517 ibi
1615 2446 1663 2541 ἢ
1714 2443 1832 2518 καὶ
1862 2446 2227 2537 legeretur.
2331 2441 2479 2514 Sed
2513 2443 2712 2536 agni-

500 2558 645 2617 tum
671 2550 792 2624 κὲν
823 2551 1024 2619 etiam
1063 2551 1151 2618 ab
1187 2550 1470 2640 antiquis
1500 2548 1995 2642 interpretibus·

709 2702 906 2787 Quae
941 2701 1263 2773 hactenus
1289 2703 1622 2773 attulimus
1636 2756 1659 2794 ,
1710 2703 1805 2771 ita
1833 2706 2021 2770 erant
2044 2703 2433 2790 comparata
2446 2749 2468 2787 ‚
2518 2702 2594 2764 ut
2622 2693 2716 2769 ἄν

500 2806 827 2899 particula
863 2829 993 2899 per
1033 2830 1107 2876 se
1157 2806 1302 2875 sola
1340 2806 1452 2876 vel
1504 2813 1680 2876 esset
1719 2810 2098 2873 constructa
2144 2824 2298 2870 cum
2353 2797 2716 2867 indicativo

500 2910 877 3001 praeteriti,
930 2910 1041 2977 vel
1084 2918 1317 3004 posset
1357 2931 1514 2978 cum
1554 2931 1638 2978 eo
1681 2914 2064 2977 constructa
2093 2903 2467 2973 existimari.
2568 2900 2716 2970 Sed

504 3021 605 3080 est
651 3012 832 3080 aliud
866 3034 1083 3105 genus
1137 3012 1497 3104 loquendi,
1542 3013 1613 3081 in
1646 3033 1784 3102 quo
1824 3032 1908 3078 ea
1932 3008 2262 3118 particula
2291 3028 2425 3073 non
2457 3011 2561 3072 est
2586 3025 2716 3095 per

500 3139 579 3184 se
624 3124 1002 3184 constructa
1033 3138 1189 3183 cum
1222 3116 1472 3203 verbo,
1524 3114 1647 3184 sed
1671 3112 1966 3207 pertinet
1993 3110 2084 3179 ad
2110 3132 2350 3178 vocem
2379 3106 2715 3175 conditio-

503 3218 604 3287 nis
639 3220 1158 3312 significantem,
1205 3219 1438 3310 quales
1472 3227 1625 3287 sunt
1656 3221 1749 3298 εἰ,
1801 3215 1879 3297 ὃς
1906 3215 2231 3304 aliaeque.
2284 3209 2419 3281 Od.
2451 3219 2503 3297 ζ.
2538 3206 2712 3279 282.

705 3373 1086 3549 βῖλὲτερον,
1138 3372 1212 3444 εἴ
1229 3397 1271 3443 κ
1342 3341 1532 3467 αὗτῆ
1565 3396 1705 3469 περ
1733 3367 2169 3465 ἐποιχομένη
2201 3358 2418 3438 πόσιν
2452 3356 2663 3462 εὗρεν

711 3502 760 3547 α
849 3482 1027 3547 οθεν

504 3626 759 3697 melius
802 3635 945 3713 est,
998 3626 1065 3698 εἰ
1089 3624 1372 3721 sorte
1343 3649 1514 3722 apsa
1543 3624 1684 3697 sibi
1711 3623 2065 3698 maritum
2095 3619 2466 3718 quaesivit.
2570 3617 2719 3687 Nos

502 3731 617 3800 hic
648 3752 921 3821 quoque
962 3740 1170 3800 etwa.
1240 3733 1307 3800 N
1308 3754 1420 3799 am
1453 3732 1779 3800 sententia
1808 3726 2290 3814 conditionaliS‚
2341 3723 2460 3792 ubi
2484 3721 2720 3789 incerti

505 3834 671 3923 quid
710 3845 814 3903 est
857 3835 928 3900 in
978 3833 1394 3921 conditione,
1469 3834 1670 3902 facile
1712 3832 1999 3901 admittit
2050 3832 2245 3899 istam
2298 3825 2716 3918 particulam.

504 3939 741 4026 Itaque
794 3936 1101 4005 videntur
1146 3937 1219 4004 id
1263 3938 1464 4006 etiam
1505 3936 1865 4005 Dorienses
1919 3958 2065 4004 esse
2108 3933 2360 4001 imitati.
2416 3929 2718 3996 Incertus

504 4041 1003 4132 Pythagoreus
1040 4039 1224 4130 apud
1267 4040 1539 4160 fialium
1600 4063 1672 4131 p.
1729 4037 1901 4110 722.
1956 4033 2254 4121 αὐτίκα,
2306 4035 2720 4127 κατηγορεῖς

496 4143 916 4234 ἱεροσυλίαν
949 4136 1100 4225 τεύ,
1131 4139 1284 4213 αἴτι’
1316 4146 1599 4234 ἐγένετο,
1631 4166 1935 4234 τωργον,
1966 4131 2246 4259 ἀλαθής
2282 4132 2324 4209 ὀ
2351 4126 2575 4225 λόγος·
2628 4132 2723 4200 Εἴ

508 4248 595 4318 αἲ
615 4269 714 4314 an
740 4245 1153 4337 significante
1178 4269 1252 4337 p.
1288 4245 1459 4313 72⁰.
1493 4243 1646 4317 ἐπεὶ
1680 4247 1769 4314 αἴ
1784 4270 1894 4323 τις
1921 4232 2279 4339 ἐρωτῆσαι
2308 4265 2445 4315 τως
2480 4237 2720 4328 λε’γον-

492 4376 639 4429 ..τας
669 4376 757 4429 ως
786 4342 880 4420 w*
907 4341 1095 4420 αὐτό
1137 4343 1330 4420 ἐστίν
1358 4347 1612 4419 admon
1642 4346 1763 4417 καὶ
1797 4345 2114 4430 δίκαιον,
2155 4344 2332 4414 αἴκα
2359 4333 2446 4433 δή
2485 4366 2561 4411 τι
2604 4336 2722 4409 δί-

507 4478 719 4525 καιον
748 4451 914 4548 περὶ
947 4477 1084 4542 τως
1113 4452 1363 4542 γονέας
1396 4452 1713 4547 ἔπραξαν
1731 4503 1759 4539 ,
1811 4444 2297 4544 ομολογοῦντι
2330 4469 2448 4515 και
2474 4438 2724 4514 ἄδικον
