3284 5159
1301 423 1470 489 LIB.
1523 424 1571 486 1.
1663 420 1855 485 CAP.
1896 426 2000 489 13.
2138 433 2146 438 “
2678 422 2765 487 73

543 618 788 687 Refert
831 616 1007 685 enim
1047 638 1197 684 rem
1244 622 1594 705 tamquam
1639 614 1928 703 factam,
1982 612 2140 704 quia
2209 620 2394 680 certo
2432 611 2527 679 ita
2571 610 2760 680 futu-

543 746 693 790 rum
735 720 941 789 fuisse
972 719 1271 788 indicare
1313 720 1474 787 vult.
1579 719 1697 788 Sic
1741 719 1942 788 etiam
1970 716 2334 808 Euripides
2366 715 2434 782 in
2470 712 2764 784 Bacchis

543 849 610 900 v.
655 822 878 892 1309.
920 830 989 891 et
1024 823 1094 889 in
1146 822 1310 891 Ione
1353 818 1525 908 353.
1627 822 1835 890 Nolet
1885 821 2060 891 haec
2101 818 2312 888 hodie
2353 819 2628 904 mutari,
2690 824 2766 886 ut

544 950 780 1019 spero,
849 926 1242 1012 Elmsleius,
1294 948 1500 1015 quem
1540 923 1699 993 vide
1741 924 1828 992 ad
1863 923 2056 997 Med.
2087 920 2263 992 416.
2291 929 2432 996 not.
2477 943 2549 1016 p.
2584 916 2758 991 150.

542 1031 858 1126 Diphilus
888 1029 1079 1122 apud
1109 1029 1357 1098 Athen.
1383 1028 1500 1097 lv.
1529 1050 1605 1120 p.
1633 1023 1807 1096 165.
1836 1028 1918 1098 F.

751 1185 824 1256 εἰ
864 1177 973 1280 μή
1025 1176 1341 1277 συνήθης
1395 1178 1732 1276 Φαιδίμῳ
1785 1177 1862 1274 γ’
1911 1173 2300 1273 ἐτύγχανεν

753 1283 796 1358 6
847 1284 1197 1382 Χαβρίου
1247 1277 1724 1381 Κτήσιππος,
1782 1278 2251 1381 εἰςηγησοίμην

753 1383 985 1482 νόμον
1038 1384 1187 1461 τίν
1239 1383 1369 1460 οὐκ
1409 1385 1811 1485 ἄχρηστον,
1865 1414 1952 1467 ως
2004 1386 2170 1480 ἐμοὶ
2223 1390 2436 1460 δοκεῖ.

442 1615 447 1622 ,
545 1537 938 1611 Herodotus
971 1542 1022 1613 1.
1063 1540 1235 1610 187.
1263 1541 1430 1637 τῇσι
1475 1540 1551 1613 δέ
1588 1533 1855 1634 πύλῃσι
1885 1532 2196 1635 ταύτῃσι
2243 1519 2455 1613 ούδέν
2494 1539 2761 1635 ἐχρατο

545 1644 762 1717 τοῦδε
795 1652 1050 1723 εἵνεκα,
1109 1642 1228 1717 ὅτι
1252 1641 1440 1764 ὑπὲρ
1470 1644 1777 1737 κεφαλης
1809 1648 1882 1715 οἱ
1917 1644 2199 1732 ἐγένετο
2237 1640 2278 1714 6
2307 1636 2549 1739 νεκρός
2577 1648 2761 1726 διεξ-

547 1741 949 1820 ελαύνοντι.
1052 1747 1268 1816 Hoc
1250 1746 1549 1838 inprimis
1595 1745 2011 1814 luculentum
2053 1746 2439 1836 exemplum
2490 1756 2622 1834 est,
2677 1768 2762 1816 ex

547 1872 682 1940 quo
720 1873 1241 1941 cognoscamus,
1294 1849 1634 1940 aptissime
1666 1848 1824 1916 huic
1853 1849 2118 1939 figurae
2147 1850 2373 1916 locum
2412 1872 2591 1937 esse,
2646 1849 2763 1916 ubi

545 1976 691 2021 rem
717 1955 984 2022 minime
1026 1954 1299 2022 dubiam
1330 1952 1706 2045 significare
1737 1951 2065 2022 volumus,
2165 1952 2343 2019 Nam
2381 1974 2591 2041 quum
2636 1953 2764 2019 Ni-

545 2057 747 2124 tocris
783 2058 982 2123 condi
1021 2081 1093 2125 se
1133 2058 1456 2125 voluisset
1496 2078 1702 2146 supra
1731 2064 1959 2146 portas
1990 2055 2173 2142 illast,
2224 2056 2603 2122 necessario
2650 2078 2760 2123 su-

544 2182 672 2251 per
713 2161 937 2251 capite
966 2161 1154 2229 Darii
1185 2161 1422 2230 fuisset
1453 2181 1699 2253 corpus
1736 2167 2079 2247 mortuae,
2132 2159 2186 2226 si
2213 2181 2343 2253 per
2381 2181 2494 2227 eas
2523 2168 2759 2249 portas

544 2272 775 2331 vectus
815 2272 1008 2332 esset.

748 2414 974 2486 Vnum
1017 2418 1124 2487 his
1170 2417 1420 2487 addam
1459 2416 1641 2487 aliud
1687 2416 1883 2486 huius
1915 2418 2179 2511 figurae
2220 2417 2635 2510 exemplum,
2688 2426 2762 2486 ut

546 2518 899 2589 ostendam
918 2543 1051 2590 cur
1080 2522 1395 2592 semel‘in
1430 2545 1514 2591 eo
1559 2521 1863 2590 additum
1906 2523 1988 2590 sit
2034 2519 2144 2594 ἄν.
2251 2522 2378 2590 Est
2414 2521 2579 2592 illud
2626 2521 2761 2590 De·

544 2623 913 2692 mosthenis
961 2625 1051 2694 ad
1095 2627 1375 2718 Apatur.
1422 2647 1492 2717 p.
1541 2624 1718 2712 901,
1767 2623 1887 2692 13.
1955 2627 2273 2716 γενέσθω
2331 2622 2582 2697 τοίνυν
2639 2623 2760 2696 καὶ

543 2727 770 2799 τοῦτο
814 2725 990 2820 ύμῖν
1038 2723 1434 2852 τεκμήριον
1480 2729 1621 2801 τοῦ
1656 2722 2063 2823 ψεύδεσθαι
2101 2719 2640 2822 Ἀπατούριον
2696 2729 2766 2799 εἰ

545 2854 682 2924 γαρ
715 2825 1204 2953 ἐνεγυησοῖμην
1229 2825 1365 2924 ἐγω
1390 2824 1628 2925 τούτῳ
1659 2824 1793 2903 τόν
1826 2832 2341 2924 Παρμένοντα,
2398 2825 2526 2900 οὐκ
2558 2829 2758 2903 ἔστιν

547 2928 735 3013 ὅπως
765 2926 1004 3029 τούτῳ
1037 2935 1177 3026 μὲν
1205 2931 1385 3030 ὑπὲρ
1423 2933 1696 3007 ἐκείνου
1734 2929 1847 3005 ᾰπ
1869 2961 1913 3031 η
1934 2941 2049 3024 χθ
2069 2931 2113 3005 ο’
2130 2960 2246 3030 μη
2271 2961 2312 3004 ν
2324 2987 2353 3022 ,
2408 2926 2760 3027 πρόνοιαν

453 3104 458 3110 ,
546 3030 980 3127 ποιούμενος
1023 3034 1210 3118 ὅπως
1236 3031 1343 3132 μή
1385 3033 1642 3109 α’πολεῖ
1670 3036 1722 3108 ὁὶ
1761 3032 1862 3109 δι’
1910 3034 2096 3128 ἐμοῦ
2128 3029 2366 3128 τούτῳ
2400 3036 2757 3131 συνέβαλ-

544 3139 698 3208 λεν·
785 3132 1006 3218 αὐτός
1061 3136 1133 3213 δ’
1187 3134 1509 3233 ἐμαυτόν
1575 3143 2063 3233 περιεῖδον
2129 3138 2231 3210 οἲν
2297 3134 2450 3211 ύπ
2483 3140 2755 3216 ἐκείνου
2798 3193 2810 3213 ,

545 3234 724 3335 πρός
760 3241 1032 3314 τοῦτον
1061 3247 1138 3315 ἐν
1169 3236 1381 3339 ἐγγύῃ
1412 3234 2071 3332 καταλειπόμενον·
2126 3240 2293 3314 τίνα
2330 3266 2470 3335 γαρ
2505 3241 2754 3315 ἐλπίδα

546 3342 809 3432 ἔσχον
871 3343 1143 3418 τοῦτον
1190 3338 1742 3441 ἀποσχήσεσθαί
1792 3369 1979 3437 μου,
2037 3340 2123 3416 ὃν
2166 3338 2385 3425 αὐτός
2433 3338 2759 3438 ἡναγκά-

544 3472 687 3517 κειν
735 3445 974 3542 ἐκείνῳ
1020 3475 1116 3521 τα
1166 3445 1410 3519 δίκαια
1457 3473 1801 3540 ποιησαι,
1863 3446 1983 3520 καὶ
2045 3474 2182 3569 την
2232 3441 2486 3543 ἐγγύην
2528 3442 2755 3522 αὐτόν

546 3542 914 3643 ειςπροῖξας
965 3543 1102 3646 τήν
1158 3552 1255 3628 εἰς
1312 3544 1449 3644 τήν
1486 3542 1873 3672 τραπεζαν
1935 3543 2114 3644 πρός
2162 3545 2612 3639 α’πέχθειαν,
2681 3551 2761 3624 τί

543 3645 1130 3777 npoceoo'xmy
1179 3646 1325 3724 6716
1366 3644 1639 3724 τούτου
1686 3646 1907 3734 αὐτός
1932 3651 2362 3743 πείσεσθαι,·
2409 3652 2593 3720 Dixit
2628 3649 2758 3727 οὐκ

544 3751 744 3825 ἔστιν
774 3750 961 3835 ὅπως
996 3749 1218 3836 αύτὸς
1250 3747 1574 3846 ἐμαυτόν
1617 3760 1980 3849 περιεῖδον
2008 3753 2100 3827 ἄν
2115 3808 2144 3845 ,
2200 3756 2389 3845 quia,
2444 3777 2652 3844 quum
2691 3757 2761 3824 in

542 3878 619 3922 re
653 3864 921 3947 sumpta
950 3857 1204 3947 aliquid
1230 3855 1453 3925 denuo
1482 3857 1784 3943 sumitur,
1834 3858 1906 3925 id
1941 3881 2078 3926 ιιοιι
2106 3867 2331 3950 potest
2352 3881 2500 3927 rem
2526 3881 2759 3928 veram

544 3959 927 4049 oppositam
971 3959 1261 4048 habere,
1329 3961 1453 4030 sed
1495 3960 1784 4029 refertur
1832 3960 1924 4028 ad
1964 3962 2197 4029 fictum
2238 3961 2418 4051 quid.
2528 3963 2759 4047 Quare

540 4059 655 4232 {nc
688 4085 834 4234 nortl
854 4056 1040 4137 ἄλλα
1075 4067 1482 4162 περιεῖδον,
1536 4063 1661 4132 sed
1701 4057 1888 4137 ἄλλα
1927 4067 2293 4163 περιεῖδον
2340 4093 2433 4140 αν
2475 4067 2760 4161 opposi-

571 4186 687 4233 ιιιιι
714 4188 786 4235 es

692 4289 957 4402 Quod
997 4339 1201 4410 supra
1233 4315 1542 4386 dicebam
1558 4368 1580 4405 ,
1634 4339 1845 4409 quum
1873 4341 2001 4411 per
2033 4318 2327 4413 figuram
2356 4319 2761 4389 rhetoricam

544 4420 867 4489 omittitur
896 4419 989 4495 ἄν
1000 4476 1030 4512 ,
1081 4420 1365 4491 verbum
1388 4444 1523 4490 ιιοιι
1563 4445 1772 4515 posse
1802 4446 1940 4492 ιιοιι
1967 4423 2247 4517 proprie
2278 4423 2368 4492 dc
2395 4425 2760 4516 praeterito
