3284 5159
1190 399 1363 463 Lm.
1407 400 1490 462 ιι.Δ
1570 399 1764 464 οΑΡ,
1817 372 1948 468 13»x
2031 368 2038 383 “
2097 368 2100 371 ’
2223 484 2226 487 ,
2543 403 2671 469 188
2730 408 2734 414 ’

441 592 723 679 mirum,
756 613 854 660 rac
897 588 1125 683 potius
1175 591 1594 678 incredibile,
1661 591 1851 682 quod
1888 592 2146 685 placuit
2191 593 2666 684 grammaticis,

441 696 825 789 siguificare
863 702 981 767 ἵνα
1017 694 1221 762 etiam
1256 692 1402 764 ibi
1383 717 1452 763 m
1482 696 1611 764 illis
1638 695 1830 765 Iliad.
1858 691 2127 766 κ.126.

544 843 707 921 ἄλλ’
741 850 982 940 ἴομεν·
1036 847 1311 927 κείνους
1340 846 1417 921 δὲ
1454 842 1913 944 κιχησόμεθα
1946 841 2095 945 πρό
2131 841 2424 922 πυλοῖων

544 957 619 1025 ἐν
655 945 1049 1061 φυλάκεσσ
1069 969 1085 984 ·
1146 956 1267 1021 ἵνα
1295 943 1436 1045 γάρ
1475 974 1649 1044 σφιν
1677 951 2087 1045 ἐπέφραδον
2114 947 2562 1050 ἠγερέεσθαι.

440 1104 653 1190 Quod
694 1105 966 1174 unicum
1004 1112 1106 1173 est
1143 1100 1341 1171 huius
1387 1102 1796 1193 significatus
1828 1105 2261 1196 exemplum,
2315 1103 2437 1172 sed
2477 1104 2665 1191 illud,

436 1217 515 1275 ut
554 1230 691 1301 ego
716 1207 992 1298 quidem
1025 1204 1350 1291 existimo,
1401 1214 1669 1274 vetusto
1701 1230 1929 1276 errore
1958 1207 2420 1299 depravatum.
2495 1207 2665 1293 Quis
2785 1242 2790 1254 ·

439 1311 618 1379 enim
633 1364 654 1401 ‚
707 1312 822 1400 qui
871 1310 1211 1402 cognitam
1246 1307 1499 1376 habeat
1543 1311 1891 1401 epicorum
1941 1309 2301 1379 dictionem
2318 1358 2341 1397 ,
2395 1309 2665 1379 dubita-

436 1414 559 1501 bit,
615 1415 778 1586 q?uin
821 1423 1034 1507 poeta
1063 1412 1322 1498 dixerit,
1378 1418 1495 1484 ἵνα
1539 1414 1675 1506 πέρ
1727 1439 1904 1508 σφιν
1936 1415 2345 1509 ἐπέφραδον
2378 1409 2663 1510 ἤγερεέ-

438 1526 626 1591 σθαι

643 1670 749 1738 Ac
764 1669 990 1737 nescio
1007 1691 1094 1737 an
1107 1666 1292 1736 haud
1306 1668 1525 1736 minor
1543 1667 1983 1760 perversitas
1963 1691 2036 1736 m
2047 1668 2162 1737 illo
2182 1668 2283 1751 sit,
2316 1668 2393 1736 Il.
2411 1696 2471 1768 η.
2488 1663 2659 1781 352.

1098 1821 1207 1916 τῷ
1242 1820 1333 1895 οὔ
1359 1849 1445 1896 νυ
1477 1848 1554 1894 τι
1582 1822 1873 1948 κέρδιον
1895 1817 2069 1912 ἡμῖν

543 1926 858 2017 ἔλπομαι
887 1926 1388 2013 ἐκτελέεσθαι,
1442 1931 1562 1997 ἵνα
1587 1950 1693 2017 μη
1730 1926 2029 2022 ρ’ἐξομεν
2062 1920 2240 2015 ωδε,

436 2080 614 2148 uhi
591 2087 712 2152 ι’να
737 2044 1117 2173 significare
1132 2079 1418 2147 volunt’
1383 2067 1531 2151 εοῖν.
1586 2075 1799 2162 Quod
1819 2078 1941 2146 etsi
1968 2078 2116 2146 fieri
2137 2080 2377 2171 potuit,
2414 2080 2659 2149 licebat

435 2185 614 2252 enim
647 2180 781 2250 dici
802 2181 1024 2255 ὅπουε
1072 2191 1299 2250 tamen
1336 2189 1626 2272 propter
1657 2180 1928 2248 finalem
1958 2191 2367 2272 potestatem
2387 2238 2408 2276 ,
2454 2202 2660 2274 quam

435 2293 558 2359 ἵνα
610 2309 766 2353 οιιιιι
816 2286 1233 2355 coniunctivo
1281 2283 1539 2351 habere
1583 2283 1787 2369 solet,
1838 2283 2039 2353 valde
2090 2286 2485 2381 ambiguum
2540 2297 2657 2358 est.

430 2389 521 2457 Ei
568 2390 669 2457 rei
720 2389 1072 2482 prospexit
1110 2386 1570 2475 Aristarchus,
1640 2387 1754 2476 qui
1812 2382 1912 2458 ἵν’
1957 2386 2049 2461 ἄν
2098 2390 2393 2482 scripsit,
2458 2413 2657 2460 versu

435 2514 590 2560 cum
623 2492 763 2562 aliis
791 2491 1240 2585 grammaticis
1265 2499 1559 2583 propter
1598 2490 2016 2558 insolentiam
2047 2489 2349 2561 dictionis
2381 2482 2655 2562 damna-

430 2605 542 2682 to,
593 2605 671 2663 ut
704 2595 917 2664 schol.
967 2594 1139 2663 Ven.
1183 2601 1252 2662 et
1297 2594 1471 2662 Vict.
1501 2616 1611 2685 ap.
1660 2593 1885 2686 Heyn.
1931 2594 2063 2665 vol.
2096 2594 2180 2664 V.
2229 2619 2300 2688 p.
2334 2594 2508 2664 724.
2548 2605 2655 2666 te-

431 2706 708 2772 stantur.
812 2700 961 2766 Nec
991 2697 1255 2766 videtur
1284 2698 1397 2765 ille
1432 2706 1689 2764 temere
1715 2705 1828 2764 aut
1856 2697 1997 2765 sine
2029 2699 2353 2791 exemplis
2390 2701 2484 2768 ita
2516 2709 2655 2769 sta-

429 2802 654 2869 tuisse.
737 2799 940 2870 Certe
971 2800 1159 2891 quod
1200 2801 1395 2869 estin
1422 2798 1823 2869 Archilochi
1844 2799 2229 2893 fragmento
2268 2803 2455 2895 apud
2485 2804 2653 2873 Sto-

429 2904 681 2974 baeum
714 2903 861 2974 CX.
892 2900 1012 2972 10.
1043 2906 1180 2974 sive
1206 2927 1276 2996 p.
1312 2902 1483 2973 100.
1519 2902 1629 2975 ed.
1666 2926 1796 2973 sec.
1822 2904 2134 2993 Liebelii,

1091 3039 1336 3138 μηδεὶς
1369 3034 1490 3114 ἔθ’
1520 3036 1724 3130 ὖμων
1755 3040 2043 3137 εἰςορῶν
2078 3040 2556 3133 θαυμαζέτω,

532 3140 707 3321 μηδέ
750 3150 868 3219 ἵνα
903 3148 1187 3240 δελφῖσι
1223 3143 1445 3240 θῆρες
1478 3137 2082 3238 οἷνταμείψωνται
2112 3170 2343 3237 νομον

534 3252 659 3321 ἕνα
707 3275 866 3338 ιον,

426 3384 501 3451 in
541 3406 627 3452 eo
668 3383 986 3452 videtur‘
963 3381 1061 3458 ι”ν
1105 3412 1198 3457 αν
1240 3385 1464 3476 potius
1505 3382 1937 3452 scribendum
1989 3406 2159 3470 esse,
2216 3405 2420 3473 quam
2461 3385 2649 3476 quod

425 3486 878 3556 Valckenario
916 3486 1008 3555 ad
1052 3487 1311 3555 Phoen.
1362 3484 1577 3556 1448.
1620 3486 1910 3579 placuit,
1979 3482 2130 3560 ἐάν
2234 3486 2444 3579 Apud
2487 3488 2647 3556 Ari-
2764 3507 2767 3510 ’

426 3588 832 3683 stophanem
856 3591 1032 3659 Ran.
1064 3588 1230 3660 175.
1259 3590 1471 3683 vulgo
1485 3640 1506 3677 ,

527 3740 931 3836 ἔπε’,μεινον
981 3772 1034 3817 ω
1068 3737 1433 3836 δαιμόνι’,
1486 3735 1613 3816 ἑαν
1641 3742 1890 3837 ξυμβῶ
1916 3740 1994 3816 τί
2023 3768 2159 3816 σοι

425 3895 873 3968 scholiastes.
911 3891 1040 3971 ἕοῖν
1066 3899 1316 3990 ξυμβῶ
1341 3924 1480 3971 σοι.
1521 3890 1882 3994 γράφεται
1909 3896 2131 3971 δὲκαὶ
2155 3903 2295 3971 ἴνα.
2326 3904 2447 3972 ἶνα
2468 3907 2643 3993 ευμ-

425 3996 731 4097 φωνήσω
772 4027 914 4074 σοι.
962 4002 1205 4093 ἔλεγον
1248 4002 1326 4076 δὲ
1358 4027 1447 4074 το
1479 4007 1625 4074 ἴνα
1665 3997 1831 4074 ἀντὶ
1861 4000 2000 4072 τοῦ
2027 3993 2202 4073 ἐάν.
2247 4002 2369 4073 καὶ
2386 3999 2635 4101 Ομη-

426 4121 583 4196 ρος·
680 4109 830 4175 ἵνα
882 4097 1003 4198 μή
1070 4105 1467 4201 ρέεωμεν
1535 4099 1718 4175 ωδε.
1818 4103 1922 4170 Ita
1980 4103 2429 4174 scribendum.
2530 4107 2637 4175 Ac

423 4204 734 4300 legitur‘'
696 4234 814 4278 ινα
849 4206 1098 4299 ξυμβῶ
1131 4206 1201 4274 in
1236 4206 1437 4277 codd.
1474 4204 1901 4296 quibusdam,
1950 4207 2021 4273 in
2048 4207 2290 4296 quibus
2320 4231 2466 4277 esse
2489 4209 2637 4277 Ra-

422 4333 673 4378 vennas
708 4308 970 4395 dicitur,
1023 4310 1138 4377 et
1120 4333 1189 4377 m
1215 4311 1447 4401 Etym.
1477 4309 1576 4381 M.
1604 4332 1679 4402 p.
1707 4308 1880 4395 734,
1923 4307 2043 4377 3⁰.
2149 4309 2365 4379 Sed‘'
2327 4337 2396 4384 ιν
2454 4338 2545 4382 αν
2566 4312 2637 4380 in

422 4421 608 4481 textu
643 4412 1098 4484 Barocciauus
1128 4422 1198 4482 et
1227 4414 1545 4502 Venetus,
1596 4414 1888 4506 optimus
1916 4411 2176 4484 codex„
2223 4412 2334 4482 Ad
2364 4436 2635 4482 sensum
