3284 5159
581 429 712 494 124
1293 425 1412 490 nn
1453 408 1986 491 PAR'rlchA
2028 422 2125 492 su

1604 703 1763 777 ΧΠ.

583 855 717 927 De
779 853 1047 939 ὅπως-
1073 864 1160 928 et
1227 852 1462 938 ὅπως
1521 883 1645 953 μη
1715 878 1907 928 cum
1951 853 2300 950 futuro
2340 858 2508 928 vel
2575 878 2797 928 con-

606 1074 611 1079 ·
730 977 1189 1066 Ξιιποεὶυο,
1241 976 1465 1046 item
1513 977 1626 1047 de
1677 1003 1832 1050 ουκ
1885 977 2048 1068 ἔχω
2102 974 2334 1060 ὅπως
2384 988 2471 1049 et
2521 979 2659 1049 si-

1485 1080 1886 1170 milibus.

603 1280 610 1288 -
784 1234 983 1321 Quae
1029 1233 1375 1304 Dawesins
1410 1231 1501 1302 de
1548 1234 2039 1302 constructione
2081 1234 2562 1326 particularum
2607 1233 2799 1317 ὅπως

575 1329 683 1430 μή
722 1336 1051 1423 disseruit,
1101 1336 1191 1406 ad
1221 1359 1424 1427 quem
1458 1359 1778 1429 magnam
1804 1337 1941 1405 vim
1972 1338 2463 1429 exemplorum,
2511 1340 2635 1408 sed
2665 1339 2793 1407 ad-

574 1441 793 1509 mixtis
830 1440 1059 1509 alienis
1089 1441 1428 1533 congessit
1454 1439 1768 1526 Kiddius,
1821 1441 2419 1510 commemorando
2463 1444 2626 1512 usui-
2639 1466 2795 1511 ma·-

572 1544 680 1637 gis
712 1552 779 1612 et
812 1543 1276 1612 confirmando
1291 1591 1313 1630 ‚
1363 1565 1568 1633 quam
1599 1543 1999 1634 explicando
2037 1553 2243 1635 atque
2275 1568 2318 1613 a
2359 1544 2793 1614 dubitationi-

574 1647 705 1716 bus
733 1646 1083 1715 liberando
1108 1656 1276 1715 sunt.
1379 1646 1472 1714 Vt
1496 1645 1893 1714 indicativus
1919 1649 2270 1717 veritatem
2300 1649 2399 1716 rei
2428 1658 2647 1735 notat,
2697 1650 2794 1717 ita

577 1751 1030 1818 coniunctivus
1075 1749 1382 1843 pendere
1418 1748 1589 1839 quid
1624 1771 1711 1818 ex
1749 1750 1878 1817 alia
1909 1773 1986 1818 re
2014 1751 2295 1837 indicat,
2347 1774 2570 1842 eoque
2618 1752 2790 1838 fieri,

572 1852 629 1921 si
673 1852 840 1920 illud
876 1854 1014 1920 fiat.
1116 1853 1286 1920 Ita‘
1266 1876 1335 1921 ιιι
1374 1853 1676 1921 oratione
1707 1861 1933 1942 recta,
1982 1855 2101 1943 qui
2136 1881 2282 1934 πως
2312 1844 2644 1951 λήψομαι
2690 1854 2790 1922 di-

574 1955 696 2043 cit,
746 1956 1002 2024 nescire
1031 1979 1107 2024 se
1141 1954 1424 2041 indicat,
1475 1955 1824 2045 quomodo
1851 1955 2018 2046 quid
2044 1965 2444 2049 accepturus
2475 1958 2578 2026 sit.
2652 1958 2790 2044 Qui

568 2059 683 2126 ille
721 2058 965 2127 modus
1009 2060 1093 2127 sit
1107 2112 1128 2149 ‚
1199 2082 1336 2150 quo
1376 2060 1692 2152 accipiet,
1757 2058 1943 2151 facto
1988 2067 2375 2153 cognoscet.
2480 2060 2624 2130 Sed
2671 2062 2789 2152 qui

570 2161 734 2229 dicit
780 2162 926 2243 πῶς
973 2152 1207 2256 λάβω,
1262 2163 1568 2231 dubitare
1608 2186 1683 2231 se
1726 2143 2089 2254 significat,
2144 2162 2495 2253 quomodo
2534 2187 2786 2255 capere

568 2262 736 2355 quid
763 2263 1058 2332 debeat
1039 2287 1080 2332 1.
1115 2288 1174 2334 e.
1207 2266 1373 2357 quid
1399 2265 1524 2335 sibi
1549 2265 1935 2334 faciendum
1961 2267 2063 2354 sit,
2108 2275 2183 2335 ut
2209 2268 2452 2359 capiat.
2516 2266 2785 2336 Eadem

566 2368 824 2435 ratione
856 2365 1260 2436 differunt*
1213 2395 1401 2449 οπως
1443 2362 1776 2466 λήψομαι
1813 2378 1881 2437 et
1910 2366 2099 2449 ὅπως
2130 2362 2351 2463 λαβω.
2457 2371 2636 2439 Nam
2668 2373 2783 2461 qui

566 2470 732 2538 facit
773 2467 1018 2560 quid*
970 2496 1159 2550 οπως
1188 2464 1537 2568 λήψεται,
1588 2471 1754 2539 facit
1777 2471 1849 2539 id
1878 2496 1964 2541 eo
1991 2472 2201 2541 modo
2218 2524 2238 2558 ,
2292 2495 2429 2563 qno
2461 2450 2781 2566 accipiet·

570 2596 656 2644 ex
682 2595 818 2663 qno
855 2582 1049 2666 patet
1093 2596 1238 2642 esse
1265 2582 1737 2666 accepturum·
1792 2577 1907 2665 qui
1947 2584 2173 2644 autem
2202 2573 2391 2657 ὅπως
2422 2570 2644 2673 λάβῃ,
2697 2601 2781 2646 eo

564 2675 775 2745 modo
791 2727 812 2764 ‚
880 2699 1016 2767 quo
1078 2675 1328 2746 debeat
1369 2677 1715 2769 accipere:
1768 2678 1956 2767 quod
2003 2687 2105 2747 est
2154 2702 2309 2748 cum
2369 2679 2801 2763 dubitatione,

565 2780 1014 2868 coniunctum,
1073 2803 1160 2849 an
1193 2803 1328 2849 non
1361 2782 1446 2850 sit
1472 2791 1891 2873 accepturus.
1992 2782 2353 2851 Praeterea
2386 2783 2779 2853 indicativus

566 2892 819 2952 certam
852 2884 1074 2952 habet⁴
1104 2885 1427 2976 temporis
1465 2885 1880 2953 notationem
1899 2935 1920 2970 ,
1971 2907 2145 2974 quae
2176 2885 2427 2976 inipso
2458 2888 2780 2978 cuiusque

561 2986 898 3055 indicativi
928 2992 1235 3080 tempore
1265 2988 1473 3057 inest:
1524 3011 1684 3056 nam
1711 2989 1911 3056 etiam
1943 2989 2287 3079 praeteriti
2312 2998 2381 3056 et
2407 2991 2776 3081 praesentis

560 3089 956 3158 indicativus
997 3102 1388 3182 usurpatur:
1442 3092 1897 3159 coniunctivus
1933 3099 2158 3158 autem
2171 3142 2192 3177 ,
2245 3092 2403 3181 quia
2440 3117 2577 3162 non
2613 3092 2776 3183 quid

556 3194 699 3282 fiat,
760 3192 884 3261 sed
915 3192 1077 3283 quid
1115 3192 1361 3262 debeat
1386 3195 1533 3263 fieri
1560 3195 1914 3287 significat,
1964 3217 2096 3284 per
2125 3218 2198 3262 se
2228 3204 2412 3263 caret
2441 3197 2775 3264 notatione

555 3296 881 3387 temporis
896 3349 917 3388 ‚
985 3294 1388 3388 semperque
1431 3299 1721 3366 refertur
1765 3296 1854 3364 ad
1900 3306 2171 3390 tempus
2217 3299 2407 3366 verbi
2453 3300 2774 3390 primarii,

555 3407 902 3488 tamquam
961 3398 1051 3466 ad
1107 3422 1425 3491 praesens
1481 3424 1706 3497 suum,
1773 3400 1930 3490 quia
1976 3400 2307 3490 quidquid
2353 3400 2561 3470 debet
2603 3403 2773 3488 fieri,

558 3502 697 3571 eius
744 3525 1018 3570 caussae
1049 3502 1182 3569 iam
1225 3503 1459 3572 adesse
1504 3503 1754 3572 debent
1805 3525 1960 3571 cum
2013 3526 2095 3572 ea
2138 3503 2288 3595 ipsa
2330 3528 2430 3594 re,
2483 3495 2778 3598 propter¹

554 3627 759 3695 quam
792 3606 940 3673 fieri
980 3604 1219 3692 debet,
1271 3607 1524 3674 etiamsi
1564 3606 1867 3675 nondum
1907 3606 1989 3675 sit
2012 3607 2283 3678 factum.
2384 3608 2622 3699 ltaque
2664 3609 2771 3675 in-

486 3742 495 3751 ’
554 3708 820 3777 dicativi
864 3718 932 3777 et
974 3710 1374 3776 coniunctivi
1420 3732 1575 3777 cum
1613 3707 1803 3789 ὅπως
1846 3711 2370 3782 constructiones
2419 3735 2504 3780 eo
2568 3710 2768 3780 diffe-

552 3820 708 3880 runt
724 3862 745 3899 ‚
799 3811 987 3902 quod
1034 3811 1424 3879 indicativus
1481 3813 1868 3904 opinionem
1916 3821 2032 3879 aut
2075 3813 2488 3882 voluntatem
2502 3866 2523 3903 ‚
2587 3824 2769 3883 certa

552 3916 875 4007 temporis
921 3916 1262 3983 notatione
1312 3915 1623 3983 adiuncta
1639 3964 1661 4001 ‚
1732 3915 2183 3984 coniunctivus
2236 3925 2461 3986 autem
2513 3928 2766 3987 metum

551 4017 662 4086 vel
693 4016 1171 4086 dubitationem
1185 4068 1206 4105 ‚
1260 4027 1598 4087 carentem
1632 4020 1974 4087 notatione
2008 4021 2332 4110 temporis
2348 4072 2369 4107 ,
2421 4022 2544 4091 sed
2568 4044 2764 4116 prae·

551 4128 806 4190 sentem
829 4144 914 4189 eo
954 4129 1286 4212 tempore,
1335 4120 1522 4212 quod
1552 4122 1619 4188 in
1650 4122 2010 4214 principali
2038 4123 2251 4190 verbo
2280 4135 2400 4212 est,
2452 4127 2760 4193 continet.

754 4222 898 4292 Sed
945 4224 1261 4312 quoniam
1304 4225 1522 4294 varius
1567 4232 1669 4292 est
1714 4247 1871 4292 usus
1907 4226 2276 4317 particulae
2319 4224 2508 4308 ὅπως
2519 4283 2547 4317 ,
2588 4250 2762 4316 quae

550 4328 672 4395 etsi
711 4327 991 4419 proprie
1018 4328 1271 4417 ubique
1298 4327 1658 4420 quomodo
1690 4328 2041 4419 significat,
2093 4338 2318 4397 tamen
2348 4353 2487 4398 non
2514 4332 2762 4420 ubique

546 4429 639 4497 ita
678 4430 847 4499 verti
891 4438 1120 4522 potest
1139 4481 1160 4516 ‚
1213 4453 1292 4498 ea
1337 4430 1619 4499 afferam
1633 4481 1654 4518 ,
1720 4453 1895 4520 quae
1936 4431 2288 4523 potissima
2324 4443 2476 4502 sunt
2517 4435 2585 4503 in
2624 4434 2761 4502 hoc
