3284 5159
607 443 698 510 48
1088 511 1094 518 .
1278 436 1395 532 os
1469 436 2019 511 PAR'nchA
2069 430 2164 501 ἄν

1604 781 1760 874 lx,

751 936 890 1008 De
938 933 1046 1011 ἂν
1099 956 1290 1006 cum
1334 934 1845 1010 indicativo
1896 935 1987 1004 ἰπ
2022 924 2126 1006 ’νε
2174 937 2674 1034 nonsacta.

808 1108 1272 1201 Explicuimus
1335 1107 1675 1176 indicativi
1727 1129 1883 1175 cum
1932 1109 2262 1200 particula
2328 1108 2420 1182 ἄν
2473 1109 2820 1178 consocia-

601 1214 856 1283 tionem
922 1234 1107 1300 eam‚
1181 1234 1359 1299 quae
1425 1211 1613 1299 quod
1662 1210 1981 1300 impletae
2034 1212 2426 1281 conditionis
2481 1214 2824 1282 notionem

544 1369 551 1372 -
605 1316 934 1402 continet,
1006 1313 1096 1383 ad
1145 1337 1294 1382 rem
1343 1314 1592 1381 factam
1642 1314 1951 1387 refertur.
2055 1316 2253 1383 Nunc
2313 1316 2670 1383 dicendum
2722 1325 2824 1384 est

604 1419 694 1488 de
758 1420 970 1486 altero
1020 1440 1308 1508 genere,
1389 1418 1575 1512 quod
1639 1417 1956 1507 quoniam
2017 1417 2108 1485 ad
2173 1420 2622 1492 conditionem
2681 1441 2820 1487 non

600 1523 951 1613 impletam
1002 1528 1295 1611 spectat,
1348 1519 1437 1586 ad
1488 1541 1669 1609 rem,
1723 1541 1895 1608 quae
1949 1543 2087 1588 non
2136 1530 2237 1588 est
2274 1522 2490 1609 facta,
2555 1522 2817 1591 refera-

601 1636 712 1695 tur
761 1646 1040 1693 necesse
1090 1631 1211 1694 est.
1318 1621 1671 1714 Significat
1711 1623 1886 1690 enim
1935 1622 2029 1713 id,
2076 1623 2264 1713 quod
2312 1626 2530 1711 fieret,
2583 1626 2639 1693 si
2685 1626 2818 1692 im-

599 1730 789 1821 pleta
841 1735 1017 1796 esset
1068 1725 1401 1808 conditio,
1484 1747 1624 1793 non
1673 1726 1753 1793 fit
1791 1734 2015 1794 autem
2034 1776 2056 1813 ,
2140 1727 2298 1816 quia
2347 1725 2481 1796 non
2536 1737 2637 1796 est
2686 1729 2818 1796 im-

598 1833 839 1925 pleta.¹
911 1830 1070 1898 Hoc
1119 1851 1335 1920 genus
1389 1851 1508 1895 cur
1555 1827 1937 1919 imperfecti
1986 1838 2244 1897 tantum
2297 1840 2366 1898 et
2413 1833 2819 1924 plusquam-

597 1933 891 2027 perfecti
936 1941 1006 2001 et
1055 1932 1280 1998 aoristi
1328 1931 1682 2022 proprium
1735 1932 1851 2019 sit,
1905 1955 2111 2024 supra
2162 1933 2449 2022 dictum,
2501 1958 2653 2026 cap.
2695 1934 2814 2007 Vl.

496 2105 499 2108 .
595 2039 1079 2125 monitumque,
1131 2035 1188 2102 si
1238 2036 1436 2111 aliam
1486 2036 1623 2102 vim
1671 2033 1927 2103 habere
1977 2035 2304 2120 videatur,
2369 2061 2571 2126 quam
2620 2038 2690 2105 in
2738 2060 2818 2105 re

594 2143 817 2234 facta,
884 2138 955 2205 id
1007 2136 1218 2207 videri
1261 2137 1764 2222 tantummode,
1829 2161 1965 2205 non
2018 2162 2199 2227 esse,
2261 2141 2418 2229 quia
2485 2140 2814 2209 differen-

595 2247 690 2314 tia
740 2242 954 2313 omnis
1005 2262 1147 2308 non
1194 2241 1262 2306 in
1308 2239 1670 2308 indicativo
1724 2248 1791 2307 et
1851 2243 2183 2332 particula
2199 2292 2221 2329 ‚
2305 2243 2429 2310 sed
2477 2244 2547 2310 in
2597 2266 2682 2311 eo
2734 2244 2818 2312 sit

594 2348 850 2442 posita,
908 2351 1133 2412 utrum
1182 2341 1271 2410 de
1324 2343 1601 2434 impleta
1652 2365 1739 2409 an
1790 2342 1879 2411 de
1928 2367 2066 2411 non
2115 2345 2396 2437 impleta
2436 2346 2816 2414 conditione

478 2517 484 2523 ,
596 2453 681 2520 sit
731 2446 1190 2541 cogitandum.
1298 2446 1529 2529 Quare
1578 2446 1699 2513 ubi
1747 2469 1969 2536 neque
2021 2446 2282 2516 adiecta
2348 2458 2452 2516 est
2515 2448 2814 2516 conditio

595 2576 736 2623 non
785 2551 1102 2643 impleta,
1170 2571 1392 2641 neque
1450 2557 1739 2641 apparet
1800 2549 2316 2641 intelligendane
2370 2552 2455 2618 sit
2503 2575 2589 2619 an
2651 2575 2810 2642 non,

596 2657 693 2725 ibi
740 2676 1012 2747 prorsus
1066 2653 1464 2744 ambiguum
1510 2660 1758 2739 manet,
1819 2654 2166 2742 quomodo
2216 2655 2427 2723 verba
2474 2655 2813 2746 interpre-

592 2760 721 2829 tari
773 2757 1047 2829 debeas,
1149 2755 1244 2824 Vt
1290 2755 1478 2848 apud
1525 2754 2053 2848 Aristophanem
2103 2758 2172 2826 in
2219 2758 2437 2827 Pace.
2490 2755 2716 2831 1198.
2841 2754 2852 2759 ’

801 2957 855 3001 ω
912 2920 1248 3021 φίλτατ’,
1302 2953 1356 2997 ω
1420 2921 1760 3018 Τρυγαῖ,
1814 2920 1933 2997 ὅσ’
1984 2923 2174 3021 ημὸἷς
2223 2921 2525 3022 colymbo?

802 3031 1180 3123 δέδρακας,
1232 3020 1520 3122 εἰρήνην
1578 3021 1915 3124 ποιήσας·
1959 3056 2049 3109 ως
2098 3029 2385 3126 προτοῦ

804 3128 1033 3212 οὐδεὶς
1084 3127 1379 3227 ἐπριάτ
1432 3128 1525 3203 ἄν
1587 3132 1947 3226 δρέπανον
2000 3128 2168 3205 οῦδὲ
2219 3124 2590 3228 κολλύβου.

590 3304 887 3374 Perinde
941 3308 1073 3386 est,
1147 3300 1286 3368 sive
1336 3309 1556 3369 vertas
1575 3352 1596 3386 ‚
1687 3309 1912 3370 antea
1972 3323 2181 3370 nemo
2224 3300 2470 3394 facile
2524 3301 2810 3373 emebat

481 3408 871 3526 sulcem
902 3393 1240 3495 collybo,
1301 3403 1439 3472 sive
1492 3403 1711 3493 dicas,
1777 3426 1988 3473 nemo
2040 3406 2371 3477 emisset.-
2437 3406 2494 3475 si
2558 3407 2811 3475 scilicet

590 3512 840 3583 venalis
892 3509 1145 3579 fuisset.

794 3609 1216 3681 Videamus
1195 3631 1334 3676 lam
1368 3632 1567 3678 usum
1599 3610 1847 3701 ipsum.
1914 3609 2010 3678 Et
2040 3611 2264 3703 primo
2306 3610 2583 3701 quidem
2620 3612 2808 3705 apud

592 3720 848 3813 epicos,
899 3696 1237 3784 Homerus
1291 3710 1430 3786 Od.
1482 3721 1556 3808 β.
1612 3712 1786 3785 184.

1209 3877 1340 3957 οὐκ
1392 3911 1484 3955 αν
1535 3876 1766 3956 τόσσα
1819 3882 2293 3981 θεοπροπέων
2343 3877 2702 3984 ἀγόρευες.

596 4055 765 4130 Non
815 4055 1124 4160 diceres.
1173 4055 1270 4123 Et
1318 4082 1375 4129 ε.
1429 4052 1552 4128 39.

793 4192 1045 4316 πόλλῖς
1077 4221 1195 4299 ὄσ’
1248 4223 1339 4299 ἂν
1387 4218 1730 4298 οὐδέποτ’
1769 4226 1845 4299 ἐκ
1899 4218 2155 4346 Τροίης
2204 4216 2495 4322 ἐξήρατ’
2543 4221 2805 4299 Ὀδυσ-

799 4432 1000 4531 εἴπερ
1052 4424 1359 4530 α’πῆμων
1410 4424 1629 4526 ἦλθε,
1679 4351 2119 4521 λαχῶνσῖὶυτξέ
2166 4432 2406 4528 ληΐδος
2454 4423 2689 4504 αἶσαν.
