<?xml version="1.0" encoding="UTF-8"?>
<!DOCTYPE html PUBLIC "-//W3C//DTD XHTML 1.0 Transitional//EN"
    "http://www.w3.org/TR/xhtml1/DTD/xhtml1-transitional.dtd">
<html xmlns="http://www.w3.org/1999/xhtml" xml:lang="en" lang="en">
 <head>
  <title>
</title>
<meta http-equiv="Content-Type" content="text/html;charset=utf-8" />
  <meta name='ocr-system' content='tesseract 3.04.00' />
  <meta name='ocr-capabilities' content='ocr_page ocr_carea ocr_par ocr_line ocrx_word'/>
</head>
<body>
  <div class='ocr_page' id='page_1' title='image "./departicuvlaanl00hermgoog_0087.png"; bbox 0 0 3284 5159; ppageno 0'>
   <div class='ocr_carea' id='block_1_1' title="bbox 1272 420 2728 497">
    <p class='ocr_par' dir='ltr' id='par_1_1' title="bbox 1272 420 2728 497">
     <span class='ocr_line' id='line_1_1' title="bbox 1272 420 2728 497; baseline -0.008 0"><span class='ocrx_word' id='word_1_1' title='bbox 1272 435 1444 497; x_wconf 87' lang='lat' dir='ltr'><strong>LIB.</strong></span> <span class='ocrx_word' id='word_1_2' title='bbox 1491 434 1540 494; x_wconf 88' lang='lat'>1.</span> <span class='ocrx_word' id='word_1_3' title='bbox 1631 429 1823 491; x_wconf 81' lang='lat' dir='ltr'><strong>GAP.</strong></span> <span class='ocrx_word' id='word_1_4' title='bbox 1868 430 1969 492; x_wconf 79' lang='lat'>14.</span> <span class='ocrx_word' id='word_1_5' title='bbox 2639 420 2728 486; x_wconf 68' lang='lat'>75</span> 
     </span>
    </p>
   </div>
   <div class='ocr_carea' id='block_1_2' title="bbox 501 610 2729 932">
    <p class='ocr_par' dir='ltr' id='par_1_2' title="bbox 501 610 2729 932">
     <span class='ocr_line' id='line_1_2' title="bbox 501 610 2726 755; baseline -0.014 -47"><span class='ocrx_word' id='word_1_6' title='bbox 501 639 618 710; x_wconf 75' lang='lat' dir='ltr'>Fit</span> <span class='ocrx_word' id='word_1_7' title='bbox 649 636 787 704; x_wconf 87' lang='lat' dir='ltr'>hoc</span> <span class='ocrx_word' id='word_1_8' title='bbox 821 641 1062 755; x_wconf 45' lang='lat' dir='ltr'><strong>afutem</strong></span> <span class='ocrx_word' id='word_1_9' title='bbox 1100 631 1193 697; x_wconf 81' lang='lat' dir='ltr'>ita</span> <span class='ocrx_word' id='word_1_10' title='bbox 1213 676 1234 713; x_wconf 90' lang='lat'>,</span> <span class='ocrx_word' id='word_1_11' title='bbox 1285 635 1362 694; x_wconf 79' lang='lat' dir='ltr'>ut</span> <span class='ocrx_word' id='word_1_12' title='bbox 1395 622 1658 693; x_wconf 82' lang='lat' dir='ltr'><strong>sublata</strong></span> <span class='ocrx_word' id='word_1_13' title='bbox 1700 618 2121 705; x_wconf 81' lang='lat' dir='ltr'><strong>conditione,</strong></span> <span class='ocrx_word' id='word_1_14' title='bbox 2175 613 2361 683; x_wconf 86' lang='lat' dir='ltr'><strong>ouius</strong></span> <span class='ocrx_word' id='word_1_15' title='bbox 2407 610 2726 679; x_wconf 84' lang='lat' dir='ltr'><strong>indicium</strong></span> 
     </span>
     <span class='ocr_line' id='line_1_3' title="bbox 509 718 2729 828; baseline -0.013 -17"><span class='ocrx_word' id='word_1_16' title='bbox 509 752 611 811; x_wconf 89' lang='lat' dir='ltr'>est</span> <span class='ocrx_word' id='word_1_17' title='bbox 641 739 730 812; x_wconf 81' lang='grc' dir='ltr'>ἄν</span> <span class='ocrx_word' id='word_1_18' title='bbox 748 790 769 828; x_wconf 84' lang='grc'>,</span> <span class='ocrx_word' id='word_1_19' title='bbox 820 739 1076 805; x_wconf 81' lang='lat' dir='ltr'><strong>incerta</strong></span> <span class='ocrx_word' id='word_1_20' title='bbox 1120 731 1335 801; x_wconf 80' lang='lat' dir='ltr'><strong>oratio</strong></span> <span class='ocrx_word' id='word_1_21' title='bbox 1363 728 1431 795; x_wconf 87' lang='lat' dir='ltr'>iu</span> <span class='ocrx_word' id='word_1_22' title='bbox 1461 733 1717 795; x_wconf 79' lang='lat' dir='ltr'><strong>certam</strong></span> <span class='ocrx_word' id='word_1_23' title='bbox 1760 729 2086 805; x_wconf 80' lang='lat' dir='ltr'><strong>mutetur,</strong></span> <span class='ocrx_word' id='word_1_24' title='bbox 2141 718 2416 806; x_wconf 90' lang='lat' dir='ltr'><strong>eiusque</strong></span> <span class='ocrx_word' id='word_1_25' title='bbox 2455 722 2729 785; x_wconf 82' lang='lat' dir='ltr'><strong>eontra-</strong></span> 
     </span>
     <span class='ocr_line' id='line_1_4' title="bbox 508 819 2241 932; baseline -0.017 -17"><span class='ocrx_word' id='word_1_26' title='bbox 508 847 684 915; x_wconf 85' lang='lat' dir='ltr'><strong>rium</strong></span> <span class='ocrx_word' id='word_1_27' title='bbox 714 841 1144 932; x_wconf 83' lang='lat' dir='ltr'><strong>intelligatur.</strong></span> <span class='ocrx_word' id='word_1_28' title='bbox 1248 829 1732 921; x_wconf 81' lang='lat' dir='ltr'><strong>Aristophanes</strong></span> <span class='ocrx_word' id='word_1_29' title='bbox 1764 825 2031 896; x_wconf 82' lang='lat' dir='ltr'><strong>Eccles.</strong></span> <span class='ocrx_word' id='word_1_30' title='bbox 2069 819 2241 893; x_wconf 73' lang='lat'>772</span> 
     </span>
    </p>
   </div>
   <div class='ocr_carea' id='block_1_3' title="bbox 1693 966 2557 1072">
    <p class='ocr_par' dir='ltr' id='par_1_3' title="bbox 1693 966 2557 1072">
     <span class='ocr_line' id='line_1_5' title="bbox 1693 966 2557 1072; baseline -0.006 -22"><span class='ocrx_word' id='word_1_31' title='bbox 1693 973 1855 1050; x_wconf 85' lang='grc' dir='ltr'>ἀλλ</span> <span class='ocrx_word' id='word_1_32' title='bbox 1909 968 2081 1049; x_wconf 77' lang='grc' dir='ltr'>ι’δων</span> <span class='ocrx_word' id='word_1_33' title='bbox 2132 966 2557 1072; x_wconf 74' lang='grc' dir='ltr'>ἐπειθόμην.</span> 
     </span>
    </p>
   </div>
   <div class='ocr_carea' id='block_1_4' title="bbox 511 1120 2731 1333">
    <p class='ocr_par' dir='ltr' id='par_1_4' title="bbox 511 1120 2731 1333">
     <span class='ocr_line' id='line_1_6' title="bbox 511 1120 2731 1224; baseline -0.011 -6"><span class='ocrx_word' id='word_1_34' title='bbox 511 1149 702 1217; x_wconf 81' lang='lat' dir='ltr'><strong>Male</strong></span> <span class='ocrx_word' id='word_1_35' title='bbox 743 1141 1125 1213; x_wconf 85' lang='lat' dir='ltr'><strong>Brunckius</strong></span> <span class='ocrx_word' id='word_1_36' title='bbox 1167 1135 1411 1224; x_wconf 77' lang='lat' dir='ltr'><strong>edidit,</strong></span> <span class='ocrx_word' id='word_1_37' title='bbox 1458 1127 1649 1206; x_wconf 75' lang='grc' dir='ltr'>ἀλλ’</span> <span class='ocrx_word' id='word_1_38' title='bbox 1692 1123 1864 1203; x_wconf 71' lang='grc' dir='ltr'>ἰδοῖν</span> <span class='ocrx_word' id='word_1_39' title='bbox 1913 1128 2005 1200; x_wconf 79' lang='grc' dir='ltr'>ἄν</span> <span class='ocrx_word' id='word_1_40' title='bbox 2048 1120 2432 1222; x_wconf 78' lang='grc' dir='ltr'>ἐπιθόμην.</span> <span class='ocrx_word' id='word_1_41' title='bbox 2539 1126 2731 1197; x_wconf 85' lang='lat' dir='ltr'><strong>Per-</strong></span> 
     </span>
     <span class='ocr_line' id='line_1_7' title="bbox 515 1229 2420 1333; baseline -0.014 -11"><span class='ocrx_word' id='word_1_42' title='bbox 515 1248 817 1322; x_wconf 74' lang='lat' dir='ltr'><strong><em>suasisti</em></strong></span> <span class='ocrx_word' id='word_1_43' title='bbox 836 1296 857 1333; x_wconf 80' lang='lat'>,</span> <span class='ocrx_word' id='word_1_44' title='bbox 907 1244 1029 1315; x_wconf 76' lang='lat' dir='ltr'>ubi</span> <span class='ocrx_word' id='word_1_45' title='bbox 1062 1243 1336 1313; x_wconf 76' lang='lat' dir='ltr'><strong>videro.</strong></span> <span class='ocrx_word' id='word_1_46' title='bbox 1439 1234 1678 1304; x_wconf 83' lang='lat' dir='ltr'><strong>Idem</strong></span> <span class='ocrx_word' id='word_1_47' title='bbox 1661 1258 1729 1302; x_wconf 89' lang='lat' dir='ltr'><strong>m</strong></span> <span class='ocrx_word' id='word_1_48' title='bbox 1758 1232 2068 1302; x_wconf 86' lang='lat' dir='ltr'><strong>Nubibus</strong></span> <span class='ocrx_word' id='word_1_49' title='bbox 2097 1255 2159 1300; x_wconf 84' lang='lat' dir='ltr'>v.</span> <span class='ocrx_word' id='word_1_50' title='bbox 2195 1229 2420 1305; x_wconf 80' lang='lat'>1338</span> 
     </span>
    </p>
   </div>
   <div class='ocr_carea' id='block_1_5' title="bbox 721 1381 2558 1801">
    <p class='ocr_par' dir='ltr' id='par_1_5' title="bbox 721 1381 2558 1801">
     <span class='ocr_line' id='line_1_8' title="bbox 721 1381 2349 1493; baseline -0.011 -18"><span class='ocrx_word' id='word_1_51' title='bbox 721 1393 1156 1493; x_wconf 75' lang='grc' dir='ltr'>ἐδιδαξάμην</span> <span class='ocrx_word' id='word_1_52' title='bbox 1214 1394 1471 1486; x_wconf 83' lang='grc' dir='ltr'>μέντοι</span> <span class='ocrx_word' id='word_1_53' title='bbox 1526 1414 1605 1461; x_wconf 84' lang='grc' dir='ltr'>σε</span> <span class='ocrx_word' id='word_1_54' title='bbox 1659 1381 1748 1484; x_wconf 76' lang='grc' dir='ltr'>νῆ</span> <span class='ocrx_word' id='word_1_55' title='bbox 1807 1383 1941 1459; x_wconf 80' lang='grc' dir='ltr'>Δί’</span> <span class='ocrx_word' id='word_1_56' title='bbox 1960 1435 1982 1474; x_wconf 88' lang='grc'>,</span> <span class='ocrx_word' id='word_1_57' title='bbox 2033 1414 2085 1456; x_wconf 91' lang='grc' dir='ltr'>ω</span> <span class='ocrx_word' id='word_1_58' title='bbox 2135 1386 2309 1477; x_wconf 84' lang='grc' dir='ltr'>μελε</span> <span class='ocrx_word' id='word_1_59' title='bbox 2319 1441 2349 1476; x_wconf 89' lang='lat'><em>,</em></span> 
     </span>
     <span class='ocr_line' id='line_1_9' title="bbox 722 1485 2351 1583; baseline -0.013 -5"><span class='ocrx_word' id='word_1_60' title='bbox 722 1509 960 1579; x_wconf 83' lang='grc' dir='ltr'>τοῖσιν</span> <span class='ocrx_word' id='word_1_61' title='bbox 1016 1495 1317 1576; x_wconf 83' lang='grc' dir='ltr'>δικαίοις</span> <span class='ocrx_word' id='word_1_62' title='bbox 1372 1490 1811 1583; x_wconf 72' lang='grc' dir='ltr'>ἀντιλέγειν,</span> <span class='ocrx_word' id='word_1_63' title='bbox 1868 1492 1938 1561; x_wconf 78' lang='grc' dir='ltr'>εἰ</span> <span class='ocrx_word' id='word_1_64' title='bbox 1982 1485 2223 1560; x_wconf 82' lang='grc' dir='ltr'>ταῦτα’</span> <span class='ocrx_word' id='word_1_65' title='bbox 2271 1517 2351 1581; x_wconf 71' lang='grc' dir='ltr'>γε</span> 
     </span>
     <span class='ocr_line' id='line_1_10' title="bbox 722 1585 2558 1700; baseline -0.008 -20"><span class='ocrx_word' id='word_1_66' title='bbox 722 1609 1002 1700; x_wconf 76' lang='grc' dir='ltr'>μέλλεις</span> <span class='ocrx_word' id='word_1_67' title='bbox 1051 1598 1139 1690; x_wconf 78' lang='grc' dir='ltr'>μ’</span> <span class='ocrx_word' id='word_1_68' title='bbox 1194 1595 1647 1681; x_wconf 82' lang='grc' dir='ltr'>ἀναπείσειν,</span> <span class='ocrx_word' id='word_1_69' title='bbox 1699 1619 1789 1672; x_wconf 88' lang='grc' dir='ltr'>ως</span> <span class='ocrx_word' id='word_1_70' title='bbox 1836 1590 2114 1664; x_wconf 83' lang='grc' dir='ltr'>δίκαιον</span> <span class='ocrx_word' id='word_1_71' title='bbox 2165 1591 2286 1663; x_wconf 83' lang='grc' dir='ltr'>καὶ</span> <span class='ocrx_word' id='word_1_72' title='bbox 2337 1585 2558 1665; x_wconf 65' lang='lat' dir='ltr'>nal-61²</span> 
     </span>
     <span class='ocr_line' id='line_1_11' title="bbox 724 1687 2534 1801; baseline -0.009 -17"><span class='ocrx_word' id='word_1_73' title='bbox 724 1703 858 1785; x_wconf 75' lang='grc' dir='ltr'>τόν</span> <span class='ocrx_word' id='word_1_74' title='bbox 910 1707 1194 1801; x_wconf 82' lang='grc' dir='ltr'><strong><em>πατέρα</em></strong></span> <span class='ocrx_word' id='word_1_75' title='bbox 1248 1692 1616 1774; x_wconf 72' lang='grc' dir='ltr'>τύπτεσθ’</span> <span class='ocrx_word' id='word_1_76' title='bbox 1669 1692 1862 1769; x_wconf 90' lang='grc' dir='ltr'>ἐστιν</span> <span class='ocrx_word' id='word_1_77' title='bbox 1913 1687 2060 1767; x_wconf 62' lang='lat' dir='ltr'>find</span> <span class='ocrx_word' id='word_1_78' title='bbox 2109 1721 2255 1768; x_wconf 91' lang='grc' dir='ltr'>των</span> <span class='ocrx_word' id='word_1_79' title='bbox 2306 1698 2534 1770; x_wconf 58' lang='lat' dir='ltr'>vid-mv</span> 
     </span>
    </p>
   </div>
   <div class='ocr_carea' id='block_1_6' title="bbox 433 1842 2782 3321">
    <p class='ocr_par' dir='ltr' id='par_1_6' title="bbox 433 1842 2782 3298">
     <span class='ocr_line' id='line_1_12' title="bbox 523 1842 2739 1971; baseline -0.005 -35"><span class='ocrx_word' id='word_1_80' title='bbox 523 1868 599 1937; x_wconf 89' lang='lat' dir='ltr'>Si</span> <span class='ocrx_word' id='word_1_81' title='bbox 634 1866 774 1934; x_wconf 90' lang='lat' dir='ltr'>sine</span> <span class='ocrx_word' id='word_1_82' title='bbox 813 1860 1024 1930; x_wconf 85' lang='lat' dir='ltr'><strong>ironia</strong></span> <span class='ocrx_word' id='word_1_83' title='bbox 1065 1859 1381 1946; x_wconf 79' lang='lat' dir='ltr'><strong>loquutus</strong></span> <span class='ocrx_word' id='word_1_84' title='bbox 1420 1858 1627 1933; x_wconf 80' lang='lat' dir='ltr'>esset,</span> <span class='ocrx_word' id='word_1_85' title='bbox 1681 1848 1955 1917; x_wconf 80' lang='lat' dir='ltr'>dixisset</span> <span class='ocrx_word' id='word_1_86' title='bbox 1993 1842 2124 1919; x_wconf 78' lang='grc' dir='ltr'>οὐκ</span> <span class='ocrx_word' id='word_1_87' title='bbox 2170 1875 2262 1921; x_wconf 93' lang='grc' dir='ltr'>αν</span> <span class='ocrx_word' id='word_1_88' title='bbox 2301 1845 2739 1971; x_wconf 73' lang='grc' dir='ltr'>ἐδιδαξάμην</span> 
     </span>
     <span class='ocr_line' id='line_1_13' title="bbox 527 1946 2737 2077; baseline -0.01 -40"><span class='ocrx_word' id='word_1_89' title='bbox 527 1996 625 2043; x_wconf 78' lang='grc' dir='ltr'>σε.</span> <span class='ocrx_word' id='word_1_90' title='bbox 690 1964 1062 2037; x_wconf 83' lang='lat' dir='ltr'><strong><em>Aeschines</em></strong></span> <span class='ocrx_word' id='word_1_91' title='bbox 1095 1983 1163 2053; x_wconf 87' lang='lat' dir='ltr'>p.</span> <span class='ocrx_word' id='word_1_92' title='bbox 1195 1953 1369 2029; x_wconf 73' lang='lat'>175.</span> <span class='ocrx_word' id='word_1_93' title='bbox 1425 1950 1631 2043; x_wconf 81' lang='lat'><strong><em>(368.</em></strong></span> <span class='ocrx_word' id='word_1_94' title='bbox 1689 1946 1764 2047; x_wconf 56' lang='grc' dir='ltr'>ὃ.</span> <span class='ocrx_word' id='word_1_95' title='bbox 1805 1948 2015 2040; x_wconf 85' lang='grc'>181.)</span> <span class='ocrx_word' id='word_1_96' title='bbox 2045 1976 2231 2039; x_wconf 86' lang='grc' dir='ltr'>ταχυ</span> <span class='ocrx_word' id='word_1_97' title='bbox 2259 1946 2400 2050; x_wconf 75' lang='grc' dir='ltr'>γάρ</span> <span class='ocrx_word' id='word_1_98' title='bbox 2440 1954 2737 2077; x_wconf 76' lang='grc' dir='ltr'>Τίμαρ-</span> 
     </span>
     <span class='ocr_line' id='line_1_14' title="bbox 527 2050 2737 2164; baseline -0.006 -21"><span class='ocrx_word' id='word_1_99' title='bbox 527 2097 657 2163; x_wconf 81' lang='grc' dir='ltr'>χον</span> <span class='ocrx_word' id='word_1_100' title='bbox 720 2069 767 2164; x_wconf 84' lang='grc' dir='ltr'><em>ἢ</em></span> <span class='ocrx_word' id='word_1_101' title='bbox 809 2060 943 2140; x_wconf 80' lang='grc' dir='ltr'>τδν</span> <span class='ocrx_word' id='word_1_102' title='bbox 994 2063 1319 2138; x_wconf 74' lang='grc' dir='ltr'>κίναιδον</span> <span class='ocrx_word' id='word_1_103' title='bbox 1377 2056 1868 2153; x_wconf 78' lang='grc' dir='ltr'>Δημοσθένην</span> <span class='ocrx_word' id='word_1_104' title='bbox 1931 2055 2127 2126; x_wconf 81' lang='grc' dir='ltr'>εἴασε</span> <span class='ocrx_word' id='word_1_105' title='bbox 2192 2050 2737 2131; x_wconf 77' lang='grc' dir='ltr'>πολιτεύεσθαι.</span> 
     </span>
     <span class='ocr_line' id='line_1_15' title="bbox 529 2155 2738 2255; baseline -0.006 -11"><span class='ocrx_word' id='word_1_106' title='bbox 529 2173 784 2245; x_wconf 87' lang='lat' dir='ltr'><strong><em>Omnes</em></strong></span> <span class='ocrx_word' id='word_1_107' title='bbox 836 2170 951 2237; x_wconf 90' lang='lat' dir='ltr'>hic</span> <span class='ocrx_word' id='word_1_108' title='bbox 996 2167 1148 2236; x_wconf 89' lang='lat' dir='ltr'><strong>libri</strong></span> <span class='ocrx_word' id='word_1_109' title='bbox 1188 2163 1495 2233; x_wconf 81' lang='lat' dir='ltr'><strong>omittunt</strong></span> <span class='ocrx_word' id='word_1_110' title='bbox 1542 2157 1635 2231; x_wconf 82' lang='grc' dir='ltr'>ἄν</span> <span class='ocrx_word' id='word_1_111' title='bbox 1653 2212 1682 2247; x_wconf 88' lang='lat'><em>,</em></span> <span class='ocrx_word' id='word_1_112' title='bbox 1736 2155 1922 2248; x_wconf 87' lang='lat' dir='ltr'><strong>quod</strong></span> <span class='ocrx_word' id='word_1_113' title='bbox 1957 2155 2081 2224; x_wconf 81' lang='lat' dir='ltr'>viri</span> <span class='ocrx_word' id='word_1_114' title='bbox 2122 2155 2307 2225; x_wconf 85' lang='lat' dir='ltr'><strong>docti</strong></span> <span class='ocrx_word' id='word_1_115' title='bbox 2345 2181 2480 2228; x_wconf 87' lang='lat' dir='ltr'>non</span> <span class='ocrx_word' id='word_1_116' title='bbox 2518 2162 2738 2255; x_wconf 83' lang='lat' dir='ltr'><strong>magis</strong></span> 
     </span>
     <span class='ocr_line' id='line_1_16' title="bbox 529 2254 2740 2363; baseline -0.006 -16"><span class='ocrx_word' id='word_1_117' title='bbox 529 2277 872 2347; x_wconf 79' lang='lat' dir='ltr'><strong>debebant</strong></span> <span class='ocrx_word' id='word_1_118' title='bbox 909 2291 1286 2363; x_wconf 83' lang='lat' dir='ltr'><strong>reponere,</strong></span> <span class='ocrx_word' id='word_1_119' title='bbox 1340 2286 1545 2355; x_wconf 81' lang='lat' dir='ltr'><strong>quam</strong></span> <span class='ocrx_word' id='word_1_120' title='bbox 1580 2254 1811 2350; x_wconf 79' lang='grc' dir='ltr'>ταχύ,</span> <span class='ocrx_word' id='word_1_121' title='bbox 1861 2259 2218 2355; x_wconf 88' lang='lat' dir='ltr'><strong>proprium</strong></span> <span class='ocrx_word' id='word_1_122' title='bbox 2249 2263 2559 2333; x_wconf 82' lang='lat' dir='ltr'><strong>orationis</strong></span> <span class='ocrx_word' id='word_1_123' title='bbox 2598 2264 2740 2334; x_wconf 90' lang='lat' dir='ltr'><strong>iro-</strong></span> 
     </span>
     <span class='ocr_line' id='line_1_17' title="bbox 527 2360 2741 2465; baseline -0.004 -23"><span class='ocrx_word' id='word_1_124' title='bbox 527 2381 752 2465; x_wconf 80' lang='lat' dir='ltr'><strong>nicae,</strong></span> <span class='ocrx_word' id='word_1_125' title='bbox 816 2378 886 2445; x_wconf 84' lang='lat' dir='ltr'>in</span> <span class='ocrx_word' id='word_1_126' title='bbox 939 2367 1132 2463; x_wconf 74' lang='grc' dir='ltr'>τάχα</span> <span class='ocrx_word' id='word_1_127' title='bbox 1186 2378 1468 2441; x_wconf 85' lang='lat' dir='ltr'><strong>mutare.</strong></span> <span class='ocrx_word' id='word_1_128' title='bbox 1569 2364 1929 2433; x_wconf 90' lang='lat' dir='ltr'><strong>Bekkerus</strong></span> <span class='ocrx_word' id='word_1_129' title='bbox 1984 2370 2212 2432; x_wconf 79' lang='lat' dir='ltr'><strong>tamen</strong></span> <span class='ocrx_word' id='word_1_130' title='bbox 2265 2360 2451 2455; x_wconf 82' lang='grc' dir='ltr'>ταχύ</span> <span class='ocrx_word' id='word_1_131' title='bbox 2501 2395 2546 2461; x_wconf 79' lang='lat' dir='ltr'><em>y</em></span> <span class='ocrx_word' id='word_1_132' title='bbox 2630 2366 2741 2443; x_wconf 77' lang='grc' dir='ltr'>ἄν</span> 
     </span>
     <span class='ocr_line' id='line_1_18' title="bbox 525 2462 2746 2555; baseline -0.007 -1"><span class='ocrx_word' id='word_1_133' title='bbox 525 2487 749 2555; x_wconf 79' lang='lat' dir='ltr'><strong>Recte</strong></span> <span class='ocrx_word' id='word_1_134' title='bbox 788 2501 952 2550; x_wconf 82' lang='lat' dir='ltr'><strong>vero</strong></span> <span class='ocrx_word' id='word_1_135' title='bbox 992 2475 1164 2546; x_wconf 88' lang='lat' dir='ltr'><strong>libri.</strong></span> <span class='ocrx_word' id='word_1_136' title='bbox 1265 2472 1479 2543; x_wconf 73' lang='lat' dir='ltr'><strong>Sine·</strong></span> <span class='ocrx_word' id='word_1_137' title='bbox 1458 2468 1673 2539; x_wconf 76' lang='lat' dir='ltr'><strong>ironia</strong></span> <span class='ocrx_word' id='word_1_138' title='bbox 1712 2467 1968 2536; x_wconf 84' lang='lat' dir='ltr'><strong>diceret</strong></span> <span class='ocrx_word' id='word_1_139' title='bbox 2003 2462 2132 2539; x_wconf 72' lang='grc' dir='ltr'>οὐκ</span> <span class='ocrx_word' id='word_1_140' title='bbox 2164 2464 2257 2540; x_wconf 80' lang='grc' dir='ltr'>ἀν</span> <span class='ocrx_word' id='word_1_141' title='bbox 2295 2470 2514 2544; x_wconf 82' lang='grc' dir='ltr'>εἴασε.</span> <span class='ocrx_word' id='word_1_142' title='bbox 2617 2471 2746 2540; x_wconf 89' lang='lat' dir='ltr'>Di-</span> 
     </span>
     <span class='ocr_line' id='line_1_19' title="bbox 531 2570 2750 2699; baseline -0.005 -43"><span class='ocrx_word' id='word_1_143' title='bbox 531 2585 821 2656; x_wconf 81' lang='lat' dir='ltr'><strong>narchus</strong></span> <span class='ocrx_word' id='word_1_144' title='bbox 877 2584 949 2650; x_wconf 87' lang='lat' dir='ltr'>in</span> <span class='ocrx_word' id='word_1_145' title='bbox 999 2581 1137 2649; x_wconf 89' lang='lat' dir='ltr'>fine</span> <span class='ocrx_word' id='word_1_146' title='bbox 1202 2576 1514 2646; x_wconf 81' lang='lat' dir='ltr'><strong>orationis</strong></span> <span class='ocrx_word' id='word_1_147' title='bbox 1567 2572 1637 2639; x_wconf 85' lang='lat' dir='ltr'>in</span> <span class='ocrx_word' id='word_1_148' title='bbox 1692 2571 2258 2699; x_wconf 79' lang='lat' dir='ltr'>Aristogitonem.</span> <span class='ocrx_word' id='word_1_149' title='bbox 2326 2570 2570 2646; x_wconf 78' lang='grc' dir='ltr'>καίτοι</span> <span class='ocrx_word' id='word_1_150' title='bbox 2586 2625 2606 2663; x_wconf 87' lang='grc'><strong>,</strong></span> <span class='ocrx_word' id='word_1_151' title='bbox 2691 2572 2750 2649; x_wconf 79' lang='grc' dir='ltr'>ω’</span> 
     </span>
     <span class='ocr_line' id='line_1_20' title="bbox 530 2668 2746 2813; baseline -0.005 -51.914"><span class='ocrx_word' id='word_1_152' title='bbox 530 2686 983 2813; x_wconf 62' lang='grc' dir='ltr'>Ἀθηναῖοι,</span> <span class='ocrx_word' id='word_1_153' title='bbox 1016 2681 1097 2757; x_wconf 91' lang='grc' dir='ltr'>τί</span> <span class='ocrx_word' id='word_1_154' title='bbox 1120 2679 1213 2755; x_wconf 77' lang='grc' dir='ltr'>ἂν</span> <span class='ocrx_word' id='word_1_155' title='bbox 1244 2682 1496 2752; x_wconf 79' lang='grc' dir='ltr'>οἴεσθε</span> <span class='ocrx_word' id='word_1_156' title='bbox 1546 2674 1852 2771; x_wconf 85' lang='grc' dir='ltr'>ποιῆσαι</span> <span class='ocrx_word' id='word_1_157' title='bbox 1896 2671 2203 2755; x_wconf 76' lang='grc' dir='ltr'>ἐκείνους</span> <span class='ocrx_word' id='word_1_158' title='bbox 2244 2668 2413 2755; x_wconf 76' lang='grc' dir='ltr'>τούς</span> <span class='ocrx_word' id='word_1_159' title='bbox 2435 2674 2746 2798; x_wconf 40' lang='grc' dir='ltr'>οψοῖνδρας,</span> 
     </span>
     <span class='ocr_line' id='line_1_21' title="bbox 533 2772 2748 2904; baseline -0.005 -38"><span class='ocrx_word' id='word_1_160' title='bbox 533 2797 896 2886; x_wconf 81' lang='grc' dir='ltr'>λαβοντας</span> <span class='ocrx_word' id='word_1_161' title='bbox 935 2816 979 2884; x_wconf 88' lang='grc' dir='ltr'><em>η</em></span> <span class='ocrx_word' id='word_1_162' title='bbox 1030 2774 1440 2904; x_wconf 74' lang='grc' dir='ltr'>στρατηγόν</span> <span class='ocrx_word' id='word_1_163' title='bbox 1483 2778 1530 2874; x_wconf 86' lang='grc' dir='ltr'><em>ἢ</em></span> <span class='ocrx_word' id='word_1_164' title='bbox 1570 2772 1852 2875; x_wconf 78' lang='grc' dir='ltr'>ῥήτορα</span> <span class='ocrx_word' id='word_1_165' title='bbox 1892 2776 2196 2875; x_wconf 85' lang='grc' dir='ltr'>πολίτην</span> <span class='ocrx_word' id='word_1_166' title='bbox 2228 2777 2507 2851; x_wconf 77' lang='grc' dir='ltr'>ἐαυτοῖν</span> <span class='ocrx_word' id='word_1_167' title='bbox 2549 2781 2748 2903; x_wconf 87' lang='grc' dir='ltr'>δωρα</span> 
     </span>
     <span class='ocr_line' id='line_1_22' title="bbox 537 2878 2782 3003; baseline -0.007 -35"><span class='ocrx_word' id='word_1_168' title='bbox 537 2888 935 2985; x_wconf 76' lang='grc' dir='ltr'>δεχόμενον</span> <span class='ocrx_word' id='word_1_169' title='bbox 980 2888 1095 2963; x_wconf 82' lang='grc' dir='ltr'>ἐπὶ</span> <span class='ocrx_word' id='word_1_170' title='bbox 1132 2892 1286 2967; x_wconf 82' lang='grc' dir='ltr'>τοῖς</span> <span class='ocrx_word' id='word_1_171' title='bbox 1325 2882 1454 2981; x_wconf 84' lang='grc' dir='ltr'>τῆς</span> <span class='ocrx_word' id='word_1_172' title='bbox 1492 2880 1842 2977; x_wconf 75' lang='grc' dir='ltr'>πατρίδος</span> <span class='ocrx_word' id='word_1_173' title='bbox 1882 2881 2426 3003; x_wconf 80' lang='grc' dir='ltr'>συμφέρουσιν,</span> <span class='ocrx_word' id='word_1_174' title='bbox 2495 2888 2569 2954; x_wconf 87' lang='grc' dir='ltr'>οἱ</span> <span class='ocrx_word' id='word_1_175' title='bbox 2612 2878 2782 2957; x_wconf 74' lang='grc' dir='ltr'>τόν,</span> 
     </span>
     <span class='ocr_line' id='line_1_23' title="bbox 433 2976 2748 3116; baseline -0.006 -44"><span class='ocrx_word' id='word_1_176' title='bbox 433 3070 455 3087; x_wconf 63' lang='grc'><strong>,</strong></span> <span class='ocrx_word' id='word_1_177' title='bbox 539 2990 984 3116; x_wconf 42' lang='grc' dir='ltr'>ἀλλότριονη</span> <span class='ocrx_word' id='word_1_178' title='bbox 964 2990 1086 3063; x_wconf 76' lang='grc' dir='ltr'>καὶ</span> <span class='ocrx_word' id='word_1_179' title='bbox 1120 2988 1227 3084; x_wconf 73' lang='grc' dir='ltr'>τῷ</span> <span class='ocrx_word' id='word_1_180' title='bbox 1250 2989 1457 3080; x_wconf 72' lang='grc' dir='ltr'>γένει</span> <span class='ocrx_word' id='word_1_181' title='bbox 1509 2981 1628 3056; x_wconf 78' lang='grc' dir='ltr'>καὶ</span> <span class='ocrx_word' id='word_1_182' title='bbox 1663 2982 1756 3080; x_wconf 83' lang='grc' dir='ltr'>τῇ</span> <span class='ocrx_word' id='word_1_183' title='bbox 1797 3006 2015 3077; x_wconf 84' lang='grc' dir='ltr'>φυσει</span> <span class='ocrx_word' id='word_1_184' title='bbox 2058 2980 2186 3105; x_wconf 86' lang='grc' dir='ltr'>τῆς</span> <span class='ocrx_word' id='word_1_185' title='bbox 2229 2976 2576 3065; x_wconf 83' lang='grc' dir='ltr'>Ελλάδος</span> <span class='ocrx_word' id='word_1_186' title='bbox 2609 2984 2748 3059; x_wconf 81' lang='grc' dir='ltr'>άν-</span> 
     </span>
     <span class='ocr_line' id='line_1_24' title="bbox 539 3077 2750 3222; baseline -0.012 -48"><span class='ocrx_word' id='word_1_187' title='bbox 539 3111 845 3222; x_wconf 77' lang='grc' dir='ltr'>θρωπον</span> <span class='ocrx_word' id='word_1_188' title='bbox 895 3093 1086 3169; x_wconf 83' lang='grc' dir='ltr'>οὕτω</span> <span class='ocrx_word' id='word_1_189' title='bbox 1120 3088 1405 3170; x_wconf 80' lang='grc' dir='ltr'>δικαίως</span> <span class='ocrx_word' id='word_1_190' title='bbox 1436 3085 1556 3159; x_wconf 73' lang='grc' dir='ltr'>καὶ</span> <span class='ocrx_word' id='word_1_191' title='bbox 1598 3078 1984 3180; x_wconf 82' lang='grc' dir='ltr'>σωφρόνως</span> <span class='ocrx_word' id='word_1_192' title='bbox 2012 3077 2425 3181; x_wconf 78' lang='grc' dir='ltr'>ἐξήλασαν</span> <span class='ocrx_word' id='word_1_193' title='bbox 2389 3113 2465 3160; x_wconf 73' lang='grc' dir='ltr'>εκ</span> <span class='ocrx_word' id='word_1_194' title='bbox 2502 3092 2750 3163; x_wconf 81' lang='grc' dir='ltr'>Πελο-</span> 
     </span>
     <span class='ocr_line' id='line_1_25' title="bbox 542 3182 2752 3321; baseline -0.007 -46"><span class='ocrx_word' id='word_1_195' title='bbox 542 3194 907 3298; x_wconf 83' lang='grc' dir='ltr'>ποννήσου</span> <span class='ocrx_word' id='word_1_196' title='bbox 936 3189 1208 3321; x_wconf 84' lang='grc' dir='ltr'>πάσης·</span> <span class='ocrx_word' id='word_1_197' title='bbox 1180 3249 1204 3286; x_wconf 88' lang='grc'>,</span> <span class='ocrx_word' id='word_1_198' title='bbox 1237 3184 1620 3310; x_wconf 72' lang='grc' dir='ltr'>τοιγάρτοι</span> <span class='ocrx_word' id='word_1_199' title='bbox 1637 3188 1792 3311; x_wconf 81' lang='grc' dir='ltr'>τῆς</span> <span class='ocrx_word' id='word_1_200' title='bbox 1792 3182 2060 3269; x_wconf 82' lang='grc' dir='ltr'>πόλεως</span> <span class='ocrx_word' id='word_1_201' title='bbox 2076 3215 2195 3260; x_wconf 74' lang='grc' dir='ltr'>και</span> <span class='ocrx_word' id='word_1_202' title='bbox 2212 3187 2360 3262; x_wconf 73' lang='grc' dir='ltr'>τῶν</span> <span class='ocrx_word' id='word_1_203' title='bbox 2376 3185 2752 3286; x_wconf 74' lang='grc' dir='ltr'>προγόνων</span> 
     </span>
    </p>
   </div>
   <div class='ocr_carea' id='block_1_7' title="bbox 541 3284 2756 3493">
    <p class='ocr_par' dir='ltr' id='par_1_7' title="bbox 541 3284 2756 3493">
     <span class='ocr_line' id='line_1_26' title="bbox 545 3284 2755 3393; baseline -0.008 -15"><span class='ocrx_word' id='word_1_204' title='bbox 545 3302 758 3388; x_wconf 88' lang='grc' dir='ltr'>ἀξίως</span> <span class='ocrx_word' id='word_1_205' title='bbox 788 3292 1291 3375; x_wconf 81' lang='grc' dir='ltr'>ἐκινδυνευσαν</span> <span class='ocrx_word' id='word_1_206' title='bbox 1318 3287 1498 3393; x_wconf 75' lang='grc' dir='ltr'>πρός</span> <span class='ocrx_word' id='word_1_207' title='bbox 1525 3284 1662 3366; x_wconf 79' lang='grc' dir='ltr'>τόν</span> <span class='ocrx_word' id='word_1_208' title='bbox 1690 3284 2095 3388; x_wconf 81' lang='grc' dir='ltr'>βάρβαρον.</span> <span class='ocrx_word' id='word_1_209' title='bbox 2163 3291 2517 3362; x_wconf 79' lang='lat' dir='ltr'>Postrema</span> <span class='ocrx_word' id='word_1_210' title='bbox 2543 3296 2755 3364; x_wconf 80' lang='lat' dir='ltr'><strong>verba</strong></span> 
     </span>
     <span class='ocr_line' id='line_1_27' title="bbox 541 3394 2756 3493; baseline -0.005 -16"><span class='ocrx_word' id='word_1_211' title='bbox 541 3408 668 3478; x_wconf 88' lang='lat' dir='ltr'>nisi</span> <span class='ocrx_word' id='word_1_212' title='bbox 707 3405 958 3475; x_wconf 84' lang='lat' dir='ltr'><strong>ironice</strong></span> <span class='ocrx_word' id='word_1_213' title='bbox 1007 3401 1299 3493; x_wconf 73' lang='lat' dir='ltr'>accipias</span> <span class='ocrx_word' id='word_1_214' title='bbox 1316 3449 1339 3485; x_wconf 81' lang='lat'><strong>‚</strong></span> <span class='ocrx_word' id='word_1_215' title='bbox 1405 3397 1610 3489; x_wconf 82' lang='lat' dir='ltr'><strong>plane</strong></span> <span class='ocrx_word' id='word_1_216' title='bbox 1655 3394 1884 3487; x_wconf 78' lang='lat' dir='ltr'><strong>inepta</strong></span> <span class='ocrx_word' id='word_1_217' title='bbox 1921 3400 2104 3464; x_wconf 78' lang='lat' dir='ltr'><strong><em>sunt.</em></strong></span> <span class='ocrx_word' id='word_1_218' title='bbox 2170 3394 2295 3463; x_wconf 87' lang='lat' dir='ltr'>sed</span> <span class='ocrx_word' id='word_1_219' title='bbox 2342 3419 2496 3466; x_wconf 87' lang='lat' dir='ltr'>cum</span> <span class='ocrx_word' id='word_1_220' title='bbox 2543 3399 2756 3467; x_wconf 81' lang='lat' dir='ltr'><strong>ironia</strong></span> 
     </span>
    </p>
   </div>
   <div class='ocr_carea' id='block_1_8' title="bbox 545 3498 2760 3893">
    <p class='ocr_par' dir='ltr' id='par_1_8' title="bbox 545 3498 2760 3893">
     <span class='ocr_line' id='line_1_28' title="bbox 545 3498 2758 3579; baseline -0.004 0"><span class='ocrx_word' id='word_1_221' title='bbox 545 3511 727 3579; x_wconf 79' lang='lat' dir='ltr'><strong>dicta</strong></span> <span class='ocrx_word' id='word_1_222' title='bbox 754 3507 1060 3577; x_wconf 81' lang='lat' dir='ltr'><strong>eximiam</strong></span> <span class='ocrx_word' id='word_1_223' title='bbox 1093 3506 1231 3573; x_wconf 85' lang='lat' dir='ltr'>vim</span> <span class='ocrx_word' id='word_1_224' title='bbox 1256 3502 1530 3572; x_wconf 82' lang='lat' dir='ltr'><strong>habent.</strong></span> <span class='ocrx_word' id='word_1_225' title='bbox 1607 3498 1838 3566; x_wconf 85' lang='lat' dir='ltr'><strong>Voluit</strong></span> <span class='ocrx_word' id='word_1_226' title='bbox 1869 3498 2045 3566; x_wconf 89' lang='lat' dir='ltr'><strong>enim</strong></span> <span class='ocrx_word' id='word_1_227' title='bbox 2073 3505 2298 3566; x_wconf 82' lang='lat' dir='ltr'><strong>orator</strong></span> <span class='ocrx_word' id='word_1_228' title='bbox 2328 3499 2464 3569; x_wconf 88' lang='lat' dir='ltr'>hoc</span> <span class='ocrx_word' id='word_1_229' title='bbox 2496 3500 2758 3571; x_wconf 75' lang='lat' dir='ltr'><strong>(liceret</strong></span> 
     </span>
     <span class='ocr_line' id='line_1_29' title="bbox 547 3598 2760 3707; baseline -0.004 -24"><span class='ocrx_word' id='word_1_230' title='bbox 547 3614 780 3707; x_wconf 74' lang='lat' dir='ltr'><strong>digne</strong></span> <span class='ocrx_word' id='word_1_231' title='bbox 809 3609 1092 3682; x_wconf 77' lang='lat' dir='ltr'>scilicet</span> <span class='ocrx_word' id='word_1_232' title='bbox 1126 3616 1199 3677; x_wconf 86' lang='lat' dir='ltr'>et</span> <span class='ocrx_word' id='word_1_233' title='bbox 1230 3604 1522 3676; x_wconf 74' lang='lat' dir='ltr'>civitate</span> <span class='ocrx_word' id='word_1_234' title='bbox 1558 3611 1632 3672; x_wconf 87' lang='lat' dir='ltr'>et</span> <span class='ocrx_word' id='word_1_235' title='bbox 1661 3598 2061 3671; x_wconf 76' lang='lat' dir='ltr'>maioribus</span> <span class='ocrx_word' id='word_1_236' title='bbox 2087 3601 2500 3696; x_wconf 75' lang='lat' dir='ltr'>periclitati</span> <span class='ocrx_word' id='word_1_237' title='bbox 2540 3614 2760 3675; x_wconf 82' lang='lat' dir='ltr'><strong>erant</strong></span> 
     </span>
     <span class='ocr_line' id='line_1_30' title="bbox 549 3704 2759 3798; baseline -0.004 -10"><span class='ocrx_word' id='word_1_238' title='bbox 549 3718 914 3789; x_wconf 83' lang='lat' dir='ltr'>adversus</span> <span class='ocrx_word' id='word_1_239' title='bbox 943 3709 1385 3798; x_wconf 79' lang='lat' dir='ltr'>barbarum,</span> <span class='ocrx_word' id='word_1_240' title='bbox 1424 3707 1658 3779; x_wconf 77' lang='lat' dir='ltr'><strong><em>sinon</em></strong></span> <span class='ocrx_word' id='word_1_241' title='bbox 1687 3706 1766 3776; x_wconf 78' lang='grc' dir='ltr'>ιἰι</span> <span class='ocrx_word' id='word_1_242' title='bbox 1803 3704 2032 3776; x_wconf 75' lang='lat' dir='ltr'><strong>civem</strong></span> <span class='ocrx_word' id='word_1_243' title='bbox 2068 3705 2759 3780; x_wconf 77' lang='lat' dir='ltr'>animadvertissent</span> 
     </span>
     <span class='ocr_line' id='line_1_31' title="bbox 549 3817 1142 3893; baseline -0.005 0"><span class='ocrx_word' id='word_1_244' title='bbox 549 3820 778 3893; x_wconf 74' lang='lat' dir='ltr'><strong>etiam</strong></span> <span class='ocrx_word' id='word_1_245' title='bbox 803 3817 1142 3890; x_wconf 77' lang='lat' dir='ltr'>severius.</span> 
     </span>
    </p>
   </div>
  </div>
 </body>
</html>
