3284 5159
1268 438 1443 503 Lm.
1484 439 1533 501 1.
1622 439 1824 503 cAP.
1867 443 1937 504 9.
2237 427 2246 434 “
2624 445 2708 507 41

494 639 565 700 et
599 631 957 701 sententiae
985 631 1119 722 ipsi
1146 629 1381 699 melius
1419 630 1820 701 conveniens
1851 643 2088 697 verum·
2116 628 2548 701 iudicandum
2574 639 2709 702 estt

495 736 603 831 τῷ
623 734 746 808 καί
772 737 858 809 ‘tc'
884 760 996 815 τις
1027 732 1320 825 εὔχεται
1345 726 1551 830 οἷνήρ.
1657 733 1774 802 Sic
1797 730 1985 804 Iliad.
2020 760 2072 805 ι.
2105 728 2277 801 159.

701 884 1006 961 τοῦνεκα
1034 885 1160 959 καί
1185 913 1269 960 τε
1294 890 1632 982 βροτοῖσι
1659 884 1856 960 θεῶν
1886 885 2224 976 ἔχθιστος
2250 880 2615 962 ἁπάντων.

493 1041 708 1135 Apud
746 1037 1330 1133 Aristophanem
1310 1061 1379 1106 m
1422 1037 1598 1113 Ach.
1637 1036 1814 1110 873.
1858 1039 2194 1133 Boeotus,
2261 1040 2710 1137 interrogatus

497 1144 662 1235 quid
701 1144 975 1231 afferat,
1024 1142 1427 1236 respondet·

706 1292 825 1371 ὅσ’
877 1292 1031 1371 ἔστ’
1084 1322 1176 1370 αν
1227 1289 1484 1390 dracoi
1531 1296 1895 1377 Βοιωτοῖς
1944 1290 2199 1378 οἷπλως.

498 1452 582 1521 Id
614 1474 737 1519 nos
771 1450 1142 1538 diceremus
1162 1497 1184 1534 ‚
1233 1472 1394 1521 was
1426 1473 1504 1520 es
1537 1460 1730 1521 etwa
1756 1459 1975 1544 gates
2004 1450 2079 1519 in
2114 1449 2459 1521 Boeotien
2483 1451 2710 1546 giebt.

499 1556 695 1623 Haec
727 1554 848 1623 etsi
879 1564 948 1623 et
979 1554 1179 1623 codd.
1207 1556 1677 1623 nonnullorum
1708 1564 1777 1623 et
1813 1563 1967 1623 vett.
2011 1553 2167 1623 edd.
2214 1556 2547 1647 scriptura
2586 1567 2712 1644 est,

475 1655 724 1725 *tamen
774 1657 1013 1748 optimi
1054 1657 1329 1746 quidam
1382 1659 1531 1725 libri
1570 1657 1664 1731 οἷν
1715 1658 2094 1748 omittunt„
2128 1658 2331 1732 ἔστιν
2389 1659 2713 1751 scriptum

501 1760 924 1829 exhibentes:
963 1760 1470 1850 fatendumque,
1510 1760 1819 1853 potuisse
1852 1759 1943 1831 ἄν
1967 1761 2137 1831 vele
2168 1761 2391 1853 prima
2416 1785 2714 1853 sequen-

498 1865 583 1933 tis
608 1863 920 1932 vocabuli
947 1863 1206 1954 syllaba
1234 1865 1437 1950 nasci,
1465 1865 1575 1932 vel
1603 1887 1645 1932 a
1674 1862 1983 1947 metrici8‚
2027 1885 2238 1952 quum
2268 1859 2425 1937 ἔστ’
2455 1861 2715 1955 ‹ira-9⁶2⁸

502 1968 828 2058 scriptum
858 1967 1291 2045 invenissent,
1341 1968 1557 2039 inseri.
1660 1968 1818 2035 Non
1853 1973 2078 2032 tamen
2104 1966 2343 2034 rationi
2373 1979 2715 2060 repugnat

500 2071 848 2164 particula.
951 2068 1095 2139 Sed
1132 2080 1208 2138 ut
1260 2069 1376 2137 hic
1425 2092 1562 2139 non
1607 2068 1888 2137 ferenda
1945 2068 2287 2157 videatur,
2345 2070 2511 2159 xquia
2556 2094 2712 2140 cum

499 2175 654 2266 ipso
678 2184 782 2242 est
812 2173 1023 2242 verbo
1057 2181 1460 2257 constructa,
1512 2194 1649 2241 non
1680 2170 1964 2240 offendit
1991 2179 2255 2255 tamen,
2306 2172 2366 2239 si
2400 2173 2488 2240 ad
2515 2175 2715 2244 aliam

500 2299 742 2345 vocem
774 2277 1080 2346 refertur.
1183 2276 1442 2345 Illustre
1474 2276 1859 2367 exemplum
1891 2283 2105 2342 exstat
2127 2276 2198 2342 in
2239 2276 2716 2368 Xenophontis

502 2380 874 2471 Symposio
901 2379 974 2462 4,
1005 2378 1125 2447 37.
1179 2372 1316 2472 ἐγοῗ
1356 2379 1431 2452 δὲ
1473 2376 1664 2451 οὕτω
1700 2379 1839 2471 μὲν
1877 2369 2111 2449 πολλοὶ
2160 2378 2327 2466 ἔχω,
2380 2377 2470 2460 οἷς
2501 2374 2715 2472 μόλις

503 2478 702 2555 αὐτοῖ
732 2482 850 2555 καὶ
882 2475 1021 2574 ἐγώ
1045 2481 1135 2553 ἄν
1166 2473 1388 2561 αὐτός
1419 2479 1732 2576 εὑρίσκω.
1838 2481 2107 2549 Delevit
2148 2480 2240 2552 ἄν
2283 2481 2714 2571 Sohaemus,
2819 2572 2825 2579 ⁵

503 2607 711 2676 quem
734 2608 953 2678 nuper
978 2593 1295 2675 sequutus
1322 2595 1427 2653 est
1450 2585 1535 2654 L.
1574 2583 1987 2653 Dindorfius.
2087 2585 2246 2652 Non
2288 2596 2509 2671 recte,
2559 2611 2717 2656 mea

504 2690 846 2760 sententia.
946 2687 1294 2778 Numquid
1329 2688 1507 2756 enim
1546 2687 1732 2756 aliud
1766 2698 1866 2756 est
1905 2687 2074 2755 illud
2100 2686 2459 2780 Sophoclis
2476 2737 2498 2774 ‚
2552 2687 2716 2763 εἶτα

502 2792 647 2886 πῦρ
685 2792 776 2865 ἂν
824 2787 913 2864 οὐ
945 2792 1220 2886 παρῆν,
1275 2799 1347 2859 et
1372 2814 1550 2881 quae
1572 2789 1864 2883 plurima
1896 2791 2131 2859 similia
2171 2813 2378 2881 supra
2417 2814 2713 2863 comme-

500 2894 950 2964 moravimus?
1001 2894 1330 2963 Nimirum
1369 2895 1466 2962 sic
1494 2903 1597 2963 est
1624 2894 1795 2964 illud
1825 2893 2331 2986 explicandum,
2384 2891 2475 2975 οἷς
2504 2889 2717 2987 μόλις

505 2992 703 3071 αὐτοὶ
730 2997 845 3070 καὶ
877 2999 947 3069 εἰ
969 2991 1106 3088 ἐγώ
1133 2991 1353 3077 αὐτοὶ·
1383 2996 1667 3093 ζητοίην
1699 2995 2021 3091 εὑρίσκω.
2125 2996 2317 3064 Haec
2350 2997 2554 3088 igitur
2597 2999 2714 3087 qui

506 3101 812 3186 damnet,
863 3100 1178 3189 quoniam
1216 3100 1474 3171 rariora
1501 3108 1682 3183 sunt,
1733 3121 1974 3168 vereor
2015 3122 2100 3167 ne
2137 3122 2381 3193 parum
2422 3124 2717 3194 perspe-

505 3214 682 3272 ctam
711 3203 961 3272 habeat
985 3202 1233 3271 Graeci
1260 3203 1585 3271 sermonis
1615 3203 2035 3294 elegantiam.

707 3307 817 3376 Ab
860 3305 997 3373 hoc
1041 3307 1357 3397 exemplo
1396 3315 1471 3374 ut
1514 3308 1653 3373 iam
1684 3306 1773 3373 ad
1825 3305 1994 3373 illud
2022 3327 2237 3399 genus
2274 3314 2713 3396 transeamus,

503 3413 575 3479 in
605 3433 740 3501 quo
767 3409 1095 3501 particula
1116 3430 1254 3477 non
1279 3419 1381 3478 est
1412 3410 1689 3502 proprie
1709 3431 1865 3477 cum
1890 3410 2101 3479 verbo
2127 3419 2526 3495 constructa,
2576 3430 2715 3477 non

504 3536 727 3606 pauca
760 3511 1141 3580 huiusmodi
1162 3512 1619 3600 inveniuntur,
1670 3535 1847 3602 quae
1891 3535 2055 3581 cave
2099 3521 2351 3581 temere
2393 3512 2714 3603 corrigas.

504 3618 661 3685 Non
689 3629 791 3684 est
818 3616 908 3684 ad
931 3615 1069 3682 hoc
1098 3637 1317 3706 genus
1355 3615 1749 3684 referendus
1774 3616 1963 3684 locus
1989 3615 2416 3707 Thucydidis
2441 3614 2557 3683 lv.
2591 3612 2714 3682 63.

505 3719 956 3790 memorabilis
1012 3718 1125 3787 ille
1167 3726 1454 3810 propter
1504 3719 1922 3805 liberiorem,
1992 3719 2116 3787 sed
2178 3729 2404 3787 tamen
2474 3719 2718 3785 iustam

504 3825 865 3891 verborum
905 3830 1342 3890 structuram.
1393 3848 1481 3894 το
1512 3815 1795 3913 ξύμπαν
1834 3849 1917 3894 τε
1951 3815 2041 3919 δη
2065 3848 2387 3916 γνωμεν,
2440 3814 2711 3893 πειθό-

503 3952 717 4018 μενοι
759 3925 896 4015 μὲν
930 3922 1128 4014 ἐμοί,
1184 3918 1398 3996 πόλιν
1440 3929 1714 4006 ἕξοντες
1758 3929 2054 4004 ἕκαστος
2093 3925 2522 4017 ἐλευθέραν
2576 3918 2715 4018 αφ’

505 4025 586 4122 ἧς
631 4020 1164 4122 αὐτοκρατορες
1194 4025 1400 4106 ὄντες
1435 4054 1570 4099 τον
1612 4022 1695 4097 εὖ
1722 4024 1840 4098 καὶ
1870 4028 2094 4108 κακῶς
2122 4026 2438 4145 δρώῗιιταε
2449 4029 2520 4109 ἐξ
2553 4028 2715 4097 ἴσου

506 4128 734 4225 α’ρετῆ
764 4123 1286 4222 οἷμυνούμεθα·
1340 4128 1428 4224 ἢν
1457 4130 1532 4202 δὲ
1562 4123 2092 4251 ἀπιστήσαντες
2126 4128 2368 4208 αλλοις
2397 4155 2715 4201 υπακου-

507 4258 766 4323 σωμεν,
823 4228 912 4305 οὐ
939 4230 1102 4326 περὶ
1127 4232 1267 4304 τοῦ
1293 4225 1867 4355 τιμωρησασθαὶ
1891 4259 2087 4322 τινα,
2140 4224 2325 4305 ἄλλα
2353 4232 2475 4303 καὶ
2501 4231 2715 4323 ἄγαν,
2743 4243 2750 4246 “

506 4337 578 4407 εἰ
602 4361 987 4434 τυχοιμεν,
1042 4332 1243 4428 φίλοι
1285 4335 1423 4423 μὲν
1470 4334 1562 4405 αν·
1603 4340 1757 4413 τοῖς
1787 4334 2194 4422 ἐχθίστοις,
2249 4327 2599 4427 διαφοροι
2641 4335 2718 4405 δὲ

507 4436 614 4519 οἷς
656 4434 744 4513 ού
791 4432 968 4536 χρή,
1035 4432 1203 4511 κατ’
1245 4429 1562 4533 α’νιίγκην
1601 4429 2031 4532 γιγνόμΛεθα
2138 4438 2253 4511 Sic
2290 4438 2603 4532 plerique
2652 4446 2721 4506 et
